%YAML 1.1
%TAG !u! tag:unity3d.com,2011:
--- !u!1 &2476296326606141055
GameObject:
  m_ObjectHideFlags: 0
  m_CorrespondingSourceObject: {fileID: 0}
  m_PrefabInstance: {fileID: 0}
  m_PrefabAsset: {fileID: 0}
  serializedVersion: 6
  m_Component:
  - component: {fileID: 3538357824162889510}
  - component: {fileID: 1992025848900584496}
  - component: {fileID: 872390160572123857}
  - component: {fileID: 5869867372674241501}
  - component: {fileID: 6075718251957851103}
  - component: {fileID: 9031557707013654756}
  m_Layer: 14
  m_Name: ad.4
  m_TagString: WillDestroy
  m_Icon: {fileID: 0}
  m_NavMeshLayer: 0
  m_StaticEditorFlags: 0
  m_IsActive: 1
--- !u!4 &3538357824162889510
Transform:
  m_ObjectHideFlags: 0
  m_CorrespondingSourceObject: {fileID: 0}
  m_PrefabInstance: {fileID: 0}
  m_PrefabAsset: {fileID: 0}
  m_GameObject: {fileID: 2476296326606141055}
  m_LocalRotation: {x: 0, y: 0, z: 0, w: 1}
  m_LocalPosition: {x: 0, y: 0, z: 20}
  m_LocalScale: {x: 20.4, y: 1, z: 120}
  m_Children:
  - {fileID: 8092455225868875984}
  m_Father: {fileID: 0}
  m_RootOrder: 0
  m_LocalEulerAnglesHint: {x: 0, y: 0, z: 0}
--- !u!33 &1992025848900584496
MeshFilter:
  m_ObjectHideFlags: 0
  m_CorrespondingSourceObject: {fileID: 0}
  m_PrefabInstance: {fileID: 0}
  m_PrefabAsset: {fileID: 0}
  m_GameObject: {fileID: 2476296326606141055}
  m_Mesh: {fileID: 10202, guid: 0000000000000000e000000000000000, type: 0}
--- !u!23 &872390160572123857
MeshRenderer:
  m_ObjectHideFlags: 0
  m_CorrespondingSourceObject: {fileID: 0}
  m_PrefabInstance: {fileID: 0}
  m_PrefabAsset: {fileID: 0}
  m_GameObject: {fileID: 2476296326606141055}
  m_Enabled: 1
  m_CastShadows: 1
  m_ReceiveShadows: 1
  m_DynamicOccludee: 1
  m_MotionVectors: 1
  m_LightProbeUsage: 1
  m_ReflectionProbeUsage: 1
  m_RayTracingMode: 2
  m_RenderingLayerMask: 1
  m_RendererPriority: 0
  m_Materials:
  - {fileID: 2100000, guid: 0cd4196f8f2cfee41a402b0ee533bc6e, type: 2}
  m_StaticBatchInfo:
    firstSubMesh: 0
    subMeshCount: 0
  m_StaticBatchRoot: {fileID: 0}
  m_ProbeAnchor: {fileID: 0}
  m_LightProbeVolumeOverride: {fileID: 0}
  m_ScaleInLightmap: 1
  m_ReceiveGI: 1
  m_PreserveUVs: 0
  m_IgnoreNormalsForChartDetection: 0
  m_ImportantGI: 0
  m_StitchLightmapSeams: 1
  m_SelectedEditorRenderState: 3
  m_MinimumChartSize: 4
  m_AutoUVMaxDistance: 0.5
  m_AutoUVMaxAngle: 89
  m_LightmapParameters: {fileID: 0}
  m_SortingLayerID: 0
  m_SortingLayer: 0
  m_SortingOrder: 0
--- !u!65 &5869867372674241501
BoxCollider:
  m_ObjectHideFlags: 0
  m_CorrespondingSourceObject: {fileID: 0}
  m_PrefabInstance: {fileID: 0}
  m_PrefabAsset: {fileID: 0}
  m_GameObject: {fileID: 2476296326606141055}
  m_Material: {fileID: 0}
  m_IsTrigger: 1
  m_Enabled: 1
  serializedVersion: 2
  m_Size: {x: 1, y: 1, z: 1}
  m_Center: {x: 0, y: 0, z: 0}
--- !u!114 &6075718251957851103
MonoBehaviour:
  m_ObjectHideFlags: 0
  m_CorrespondingSourceObject: {fileID: 0}
  m_PrefabInstance: {fileID: 0}
  m_PrefabAsset: {fileID: 0}
  m_GameObject: {fileID: 2476296326606141055}
  m_Enabled: 1
  m_EditorHideFlags: 0
  m_Script: {fileID: 11500000, guid: 3a3840b7d0d6cfe429275e3041f1a1fa, type: 3}
  m_Name: 
  m_EditorClassIdentifier: 
  IsGameStarted: 0
  EventGameStatus:
    m_PersistentCalls:
      m_Calls: []
  IsStoreCollisions: 0
  IsStoreTriggers: 0
  IsListenTouchEvent: 0
  rb: {fileID: 0}
  EventCollision:
    m_PersistentCalls:
      m_Calls: []
  PrefabName: 
  IsInited: 0
--- !u!54 &9031557707013654756
Rigidbody:
  m_ObjectHideFlags: 0
  m_CorrespondingSourceObject: {fileID: 0}
  m_PrefabInstance: {fileID: 0}
  m_PrefabAsset: {fileID: 0}
  m_GameObject: {fileID: 2476296326606141055}
  serializedVersion: 2
  m_Mass: 1
  m_Drag: 0
  m_AngularDrag: 0.05
  m_UseGravity: 0
  m_IsKinematic: 1
  m_Interpolate: 0
  m_Constraints: 0
  m_CollisionDetection: 0
--- !u!1 &3144100927993761626
GameObject:
  m_ObjectHideFlags: 0
  m_CorrespondingSourceObject: {fileID: 0}
  m_PrefabInstance: {fileID: 0}
  m_PrefabAsset: {fileID: 0}
  serializedVersion: 6
  m_Component:
  - component: {fileID: 8092455225868875984}
  m_Layer: 14
  m_Name: Root
  m_TagString: Untagged
  m_Icon: {fileID: 0}
  m_NavMeshLayer: 0
  m_StaticEditorFlags: 0
  m_IsActive: 1
--- !u!4 &8092455225868875984
Transform:
  m_ObjectHideFlags: 0
  m_CorrespondingSourceObject: {fileID: 0}
  m_PrefabInstance: {fileID: 0}
  m_PrefabAsset: {fileID: 0}
  m_GameObject: {fileID: 3144100927993761626}
  m_LocalRotation: {x: 0, y: 0, z: 0, w: 1}
  m_LocalPosition: {x: 0, y: 0, z: 0}
  m_LocalScale: {x: 0.04901961, y: 1, z: 0.008333334}
  m_Children:
  - {fileID: 6534651405341403196}
  - {fileID: 3908481938427758332}
  - {fileID: 5748093265354958513}
  - {fileID: 9098065152155629308}
  - {fileID: 3955588606575668545}
  - {fileID: 8823445660302405788}
  - {fileID: 7898674565462816674}
  - {fileID: 1179849262702784461}
  - {fileID: 2355286696834988847}
  - {fileID: 8202923467621585523}
  - {fileID: 5245842302345458374}
  - {fileID: 641797510289765015}
  - {fileID: 7795462966608585847}
  - {fileID: 534403870800806132}
  - {fileID: 3065452467122709095}
  - {fileID: 6511595791622588954}
  - {fileID: 1475621252401615133}
  - {fileID: 3975337498378811744}
  m_Father: {fileID: 3538357824162889510}
  m_RootOrder: 0
  m_LocalEulerAnglesHint: {x: 0, y: 0, z: 0}
--- !u!1 &5079768278654318248
GameObject:
  m_ObjectHideFlags: 0
  m_CorrespondingSourceObject: {fileID: 0}
  m_PrefabInstance: {fileID: 0}
  m_PrefabAsset: {fileID: 0}
  serializedVersion: 6
  m_Component:
  - component: {fileID: 6534651405341403196}
  m_Layer: 14
  m_Name: --------------BLOCKS------------------
  m_TagString: Untagged
  m_Icon: {fileID: 0}
  m_NavMeshLayer: 0
  m_StaticEditorFlags: 0
  m_IsActive: 1
--- !u!4 &6534651405341403196
Transform:
  m_ObjectHideFlags: 0
  m_CorrespondingSourceObject: {fileID: 0}
  m_PrefabInstance: {fileID: 0}
  m_PrefabAsset: {fileID: 0}
  m_GameObject: {fileID: 5079768278654318248}
  m_LocalRotation: {x: 0, y: 0, z: 0, w: 1}
  m_LocalPosition: {x: 0, y: 0, z: 0}
  m_LocalScale: {x: 1, y: 1, z: 1}
  m_Children: []
  m_Father: {fileID: 8092455225868875984}
  m_RootOrder: 0
  m_LocalEulerAnglesHint: {x: 0, y: 0, z: 0}
--- !u!1001 &792989042523589764
PrefabInstance:
  m_ObjectHideFlags: 0
  serializedVersion: 2
  m_Modification:
    m_TransformParent: {fileID: 8092455225868875984}
    m_Modifications:
    - target: {fileID: 2268467176535956888, guid: b1dbaf875e94e2a43b55d721b7d5c3cc,
        type: 3}
      propertyPath: m_Name
      value: Bomb (17)
      objectReference: {fileID: 0}
    - target: {fileID: 2268467176535956889, guid: b1dbaf875e94e2a43b55d721b7d5c3cc,
        type: 3}
      propertyPath: m_LocalPosition.x
      value: -8
      objectReference: {fileID: 0}
    - target: {fileID: 2268467176535956889, guid: b1dbaf875e94e2a43b55d721b7d5c3cc,
        type: 3}
      propertyPath: m_LocalPosition.y
      value: 0
      objectReference: {fileID: 0}
    - target: {fileID: 2268467176535956889, guid: b1dbaf875e94e2a43b55d721b7d5c3cc,
        type: 3}
      propertyPath: m_LocalPosition.z
      value: 35
      objectReference: {fileID: 0}
    - target: {fileID: 2268467176535956889, guid: b1dbaf875e94e2a43b55d721b7d5c3cc,
        type: 3}
      propertyPath: m_LocalRotation.x
      value: -0
      objectReference: {fileID: 0}
    - target: {fileID: 2268467176535956889, guid: b1dbaf875e94e2a43b55d721b7d5c3cc,
        type: 3}
      propertyPath: m_LocalRotation.y
      value: -0
      objectReference: {fileID: 0}
    - target: {fileID: 2268467176535956889, guid: b1dbaf875e94e2a43b55d721b7d5c3cc,
        type: 3}
      propertyPath: m_LocalRotation.z
      value: -0
      objectReference: {fileID: 0}
    - target: {fileID: 2268467176535956889, guid: b1dbaf875e94e2a43b55d721b7d5c3cc,
        type: 3}
      propertyPath: m_LocalRotation.w
      value: 1
      objectReference: {fileID: 0}
    - target: {fileID: 2268467176535956889, guid: b1dbaf875e94e2a43b55d721b7d5c3cc,
        type: 3}
      propertyPath: m_RootOrder
      value: 16
      objectReference: {fileID: 0}
    - target: {fileID: 2268467176535956889, guid: b1dbaf875e94e2a43b55d721b7d5c3cc,
        type: 3}
      propertyPath: m_LocalEulerAnglesHint.x
      value: 0
      objectReference: {fileID: 0}
    - target: {fileID: 2268467176535956889, guid: b1dbaf875e94e2a43b55d721b7d5c3cc,
        type: 3}
      propertyPath: m_LocalEulerAnglesHint.y
      value: 0
      objectReference: {fileID: 0}
    - target: {fileID: 2268467176535956889, guid: b1dbaf875e94e2a43b55d721b7d5c3cc,
        type: 3}
      propertyPath: m_LocalEulerAnglesHint.z
      value: 0
      objectReference: {fileID: 0}
    - target: {fileID: 2268467176535956889, guid: b1dbaf875e94e2a43b55d721b7d5c3cc,
        type: 3}
      propertyPath: m_LocalScale.x
      value: 1
      objectReference: {fileID: 0}
    - target: {fileID: 2268467176535956889, guid: b1dbaf875e94e2a43b55d721b7d5c3cc,
        type: 3}
      propertyPath: m_LocalScale.z
      value: 1
      objectReference: {fileID: 0}
    m_RemovedComponents: []
  m_SourcePrefab: {fileID: 100100000, guid: b1dbaf875e94e2a43b55d721b7d5c3cc, type: 3}
--- !u!4 &1475621252401615133 stripped
Transform:
  m_CorrespondingSourceObject: {fileID: 2268467176535956889, guid: b1dbaf875e94e2a43b55d721b7d5c3cc,
    type: 3}
  m_PrefabInstance: {fileID: 792989042523589764}
  m_PrefabAsset: {fileID: 0}
--- !u!1001 &1091168842478580308
PrefabInstance:
  m_ObjectHideFlags: 0
  serializedVersion: 2
  m_Modification:
    m_TransformParent: {fileID: 8092455225868875984}
    m_Modifications:
    - target: {fileID: 2268467176535956888, guid: b1dbaf875e94e2a43b55d721b7d5c3cc,
        type: 3}
      propertyPath: m_Name
      value: Bomb (8)
      objectReference: {fileID: 0}
    - target: {fileID: 2268467176535956889, guid: b1dbaf875e94e2a43b55d721b7d5c3cc,
        type: 3}
      propertyPath: m_LocalPosition.x
      value: -4
      objectReference: {fileID: 0}
    - target: {fileID: 2268467176535956889, guid: b1dbaf875e94e2a43b55d721b7d5c3cc,
        type: 3}
      propertyPath: m_LocalPosition.y
      value: 0
      objectReference: {fileID: 0}
    - target: {fileID: 2268467176535956889, guid: b1dbaf875e94e2a43b55d721b7d5c3cc,
        type: 3}
      propertyPath: m_LocalPosition.z
      value: -10
      objectReference: {fileID: 0}
    - target: {fileID: 2268467176535956889, guid: b1dbaf875e94e2a43b55d721b7d5c3cc,
        type: 3}
      propertyPath: m_LocalRotation.x
      value: -0
      objectReference: {fileID: 0}
    - target: {fileID: 2268467176535956889, guid: b1dbaf875e94e2a43b55d721b7d5c3cc,
        type: 3}
      propertyPath: m_LocalRotation.y
      value: -0
      objectReference: {fileID: 0}
    - target: {fileID: 2268467176535956889, guid: b1dbaf875e94e2a43b55d721b7d5c3cc,
        type: 3}
      propertyPath: m_LocalRotation.z
      value: -0
      objectReference: {fileID: 0}
    - target: {fileID: 2268467176535956889, guid: b1dbaf875e94e2a43b55d721b7d5c3cc,
        type: 3}
      propertyPath: m_LocalRotation.w
      value: 1
      objectReference: {fileID: 0}
    - target: {fileID: 2268467176535956889, guid: b1dbaf875e94e2a43b55d721b7d5c3cc,
        type: 3}
      propertyPath: m_RootOrder
      value: 7
      objectReference: {fileID: 0}
    - target: {fileID: 2268467176535956889, guid: b1dbaf875e94e2a43b55d721b7d5c3cc,
        type: 3}
      propertyPath: m_LocalEulerAnglesHint.x
      value: 0
      objectReference: {fileID: 0}
    - target: {fileID: 2268467176535956889, guid: b1dbaf875e94e2a43b55d721b7d5c3cc,
        type: 3}
      propertyPath: m_LocalEulerAnglesHint.y
      value: 0
      objectReference: {fileID: 0}
    - target: {fileID: 2268467176535956889, guid: b1dbaf875e94e2a43b55d721b7d5c3cc,
        type: 3}
      propertyPath: m_LocalEulerAnglesHint.z
      value: 0
      objectReference: {fileID: 0}
    - target: {fileID: 2268467176535956889, guid: b1dbaf875e94e2a43b55d721b7d5c3cc,
        type: 3}
      propertyPath: m_LocalScale.x
      value: 1
      objectReference: {fileID: 0}
    - target: {fileID: 2268467176535956889, guid: b1dbaf875e94e2a43b55d721b7d5c3cc,
        type: 3}
      propertyPath: m_LocalScale.z
      value: 1
      objectReference: {fileID: 0}
    m_RemovedComponents: []
  m_SourcePrefab: {fileID: 100100000, guid: b1dbaf875e94e2a43b55d721b7d5c3cc, type: 3}
--- !u!4 &1179849262702784461 stripped
Transform:
  m_CorrespondingSourceObject: {fileID: 2268467176535956889, guid: b1dbaf875e94e2a43b55d721b7d5c3cc,
    type: 3}
  m_PrefabInstance: {fileID: 1091168842478580308}
  m_PrefabAsset: {fileID: 0}
--- !u!1001 &1698747181701410574
PrefabInstance:
  m_ObjectHideFlags: 0
  serializedVersion: 2
  m_Modification:
    m_TransformParent: {fileID: 8092455225868875984}
    m_Modifications:
    - target: {fileID: 2268467176535956888, guid: b1dbaf875e94e2a43b55d721b7d5c3cc,
        type: 3}
      propertyPath: m_Name
      value: Bomb (12)
      objectReference: {fileID: 0}
    - target: {fileID: 2268467176535956889, guid: b1dbaf875e94e2a43b55d721b7d5c3cc,
        type: 3}
      propertyPath: m_LocalPosition.x
      value: 4
      objectReference: {fileID: 0}
    - target: {fileID: 2268467176535956889, guid: b1dbaf875e94e2a43b55d721b7d5c3cc,
        type: 3}
      propertyPath: m_LocalPosition.y
      value: 0
      objectReference: {fileID: 0}
    - target: {fileID: 2268467176535956889, guid: b1dbaf875e94e2a43b55d721b7d5c3cc,
        type: 3}
      propertyPath: m_LocalPosition.z
      value: 10
      objectReference: {fileID: 0}
    - target: {fileID: 2268467176535956889, guid: b1dbaf875e94e2a43b55d721b7d5c3cc,
        type: 3}
      propertyPath: m_LocalRotation.x
      value: -0
      objectReference: {fileID: 0}
    - target: {fileID: 2268467176535956889, guid: b1dbaf875e94e2a43b55d721b7d5c3cc,
        type: 3}
      propertyPath: m_LocalRotation.y
      value: -0
      objectReference: {fileID: 0}
    - target: {fileID: 2268467176535956889, guid: b1dbaf875e94e2a43b55d721b7d5c3cc,
        type: 3}
      propertyPath: m_LocalRotation.z
      value: -0
      objectReference: {fileID: 0}
    - target: {fileID: 2268467176535956889, guid: b1dbaf875e94e2a43b55d721b7d5c3cc,
        type: 3}
      propertyPath: m_LocalRotation.w
      value: 1
      objectReference: {fileID: 0}
    - target: {fileID: 2268467176535956889, guid: b1dbaf875e94e2a43b55d721b7d5c3cc,
        type: 3}
      propertyPath: m_RootOrder
      value: 11
      objectReference: {fileID: 0}
    - target: {fileID: 2268467176535956889, guid: b1dbaf875e94e2a43b55d721b7d5c3cc,
        type: 3}
      propertyPath: m_LocalEulerAnglesHint.x
      value: 0
      objectReference: {fileID: 0}
    - target: {fileID: 2268467176535956889, guid: b1dbaf875e94e2a43b55d721b7d5c3cc,
        type: 3}
      propertyPath: m_LocalEulerAnglesHint.y
      value: 0
      objectReference: {fileID: 0}
    - target: {fileID: 2268467176535956889, guid: b1dbaf875e94e2a43b55d721b7d5c3cc,
        type: 3}
      propertyPath: m_LocalEulerAnglesHint.z
      value: 0
      objectReference: {fileID: 0}
    - target: {fileID: 2268467176535956889, guid: b1dbaf875e94e2a43b55d721b7d5c3cc,
        type: 3}
      propertyPath: m_LocalScale.x
      value: 1
      objectReference: {fileID: 0}
    - target: {fileID: 2268467176535956889, guid: b1dbaf875e94e2a43b55d721b7d5c3cc,
        type: 3}
      propertyPath: m_LocalScale.z
      value: 1
      objectReference: {fileID: 0}
    m_RemovedComponents: []
  m_SourcePrefab: {fileID: 100100000, guid: b1dbaf875e94e2a43b55d721b7d5c3cc, type: 3}
--- !u!4 &641797510289765015 stripped
Transform:
  m_CorrespondingSourceObject: {fileID: 2268467176535956889, guid: b1dbaf875e94e2a43b55d721b7d5c3cc,
    type: 3}
  m_PrefabInstance: {fileID: 1698747181701410574}
  m_PrefabAsset: {fileID: 0}
--- !u!1001 &1734347230105705837
PrefabInstance:
  m_ObjectHideFlags: 0
  serializedVersion: 2
  m_Modification:
    m_TransformParent: {fileID: 8092455225868875984}
    m_Modifications:
    - target: {fileID: 2268467176535956888, guid: b1dbaf875e94e2a43b55d721b7d5c3cc,
        type: 3}
      propertyPath: m_Name
      value: Bomb (14)
      objectReference: {fileID: 0}
    - target: {fileID: 2268467176535956889, guid: b1dbaf875e94e2a43b55d721b7d5c3cc,
        type: 3}
      propertyPath: m_LocalPosition.x
      value: 4
      objectReference: {fileID: 0}
    - target: {fileID: 2268467176535956889, guid: b1dbaf875e94e2a43b55d721b7d5c3cc,
        type: 3}
      propertyPath: m_LocalPosition.y
      value: 0
      objectReference: {fileID: 0}
    - target: {fileID: 2268467176535956889, guid: b1dbaf875e94e2a43b55d721b7d5c3cc,
        type: 3}
      propertyPath: m_LocalPosition.z
      value: 20
      objectReference: {fileID: 0}
    - target: {fileID: 2268467176535956889, guid: b1dbaf875e94e2a43b55d721b7d5c3cc,
        type: 3}
      propertyPath: m_LocalRotation.x
      value: -0
      objectReference: {fileID: 0}
    - target: {fileID: 2268467176535956889, guid: b1dbaf875e94e2a43b55d721b7d5c3cc,
        type: 3}
      propertyPath: m_LocalRotation.y
      value: -0
      objectReference: {fileID: 0}
    - target: {fileID: 2268467176535956889, guid: b1dbaf875e94e2a43b55d721b7d5c3cc,
        type: 3}
      propertyPath: m_LocalRotation.z
      value: -0
      objectReference: {fileID: 0}
    - target: {fileID: 2268467176535956889, guid: b1dbaf875e94e2a43b55d721b7d5c3cc,
        type: 3}
      propertyPath: m_LocalRotation.w
      value: 1
      objectReference: {fileID: 0}
    - target: {fileID: 2268467176535956889, guid: b1dbaf875e94e2a43b55d721b7d5c3cc,
        type: 3}
      propertyPath: m_RootOrder
      value: 13
      objectReference: {fileID: 0}
    - target: {fileID: 2268467176535956889, guid: b1dbaf875e94e2a43b55d721b7d5c3cc,
        type: 3}
      propertyPath: m_LocalEulerAnglesHint.x
      value: 0
      objectReference: {fileID: 0}
    - target: {fileID: 2268467176535956889, guid: b1dbaf875e94e2a43b55d721b7d5c3cc,
        type: 3}
      propertyPath: m_LocalEulerAnglesHint.y
      value: 0
      objectReference: {fileID: 0}
    - target: {fileID: 2268467176535956889, guid: b1dbaf875e94e2a43b55d721b7d5c3cc,
        type: 3}
      propertyPath: m_LocalEulerAnglesHint.z
      value: 0
      objectReference: {fileID: 0}
    - target: {fileID: 2268467176535956889, guid: b1dbaf875e94e2a43b55d721b7d5c3cc,
        type: 3}
      propertyPath: m_LocalScale.x
      value: 1
      objectReference: {fileID: 0}
    - target: {fileID: 2268467176535956889, guid: b1dbaf875e94e2a43b55d721b7d5c3cc,
        type: 3}
      propertyPath: m_LocalScale.z
      value: 1
      objectReference: {fileID: 0}
    m_RemovedComponents: []
  m_SourcePrefab: {fileID: 100100000, guid: b1dbaf875e94e2a43b55d721b7d5c3cc, type: 3}
--- !u!4 &534403870800806132 stripped
Transform:
  m_CorrespondingSourceObject: {fileID: 2268467176535956889, guid: b1dbaf875e94e2a43b55d721b7d5c3cc,
    type: 3}
  m_PrefabInstance: {fileID: 1734347230105705837}
  m_PrefabAsset: {fileID: 0}
--- !u!1001 &2904833324644541689
PrefabInstance:
  m_ObjectHideFlags: 0
  serializedVersion: 2
  m_Modification:
    m_TransformParent: {fileID: 8092455225868875984}
    m_Modifications:
    - target: {fileID: 2268467176535956888, guid: b1dbaf875e94e2a43b55d721b7d5c3cc,
        type: 3}
      propertyPath: m_Name
      value: Bomb (18)
      objectReference: {fileID: 0}
    - target: {fileID: 2268467176535956889, guid: b1dbaf875e94e2a43b55d721b7d5c3cc,
        type: 3}
      propertyPath: m_LocalPosition.x
      value: 0
      objectReference: {fileID: 0}
    - target: {fileID: 2268467176535956889, guid: b1dbaf875e94e2a43b55d721b7d5c3cc,
        type: 3}
      propertyPath: m_LocalPosition.y
      value: 0
      objectReference: {fileID: 0}
    - target: {fileID: 2268467176535956889, guid: b1dbaf875e94e2a43b55d721b7d5c3cc,
        type: 3}
      propertyPath: m_LocalPosition.z
      value: 45
      objectReference: {fileID: 0}
    - target: {fileID: 2268467176535956889, guid: b1dbaf875e94e2a43b55d721b7d5c3cc,
        type: 3}
      propertyPath: m_LocalRotation.x
      value: -0
      objectReference: {fileID: 0}
    - target: {fileID: 2268467176535956889, guid: b1dbaf875e94e2a43b55d721b7d5c3cc,
        type: 3}
      propertyPath: m_LocalRotation.y
      value: -0
      objectReference: {fileID: 0}
    - target: {fileID: 2268467176535956889, guid: b1dbaf875e94e2a43b55d721b7d5c3cc,
        type: 3}
      propertyPath: m_LocalRotation.z
      value: -0
      objectReference: {fileID: 0}
    - target: {fileID: 2268467176535956889, guid: b1dbaf875e94e2a43b55d721b7d5c3cc,
        type: 3}
      propertyPath: m_LocalRotation.w
      value: 1
      objectReference: {fileID: 0}
    - target: {fileID: 2268467176535956889, guid: b1dbaf875e94e2a43b55d721b7d5c3cc,
        type: 3}
      propertyPath: m_RootOrder
      value: 17
      objectReference: {fileID: 0}
    - target: {fileID: 2268467176535956889, guid: b1dbaf875e94e2a43b55d721b7d5c3cc,
        type: 3}
      propertyPath: m_LocalEulerAnglesHint.x
      value: 0
      objectReference: {fileID: 0}
    - target: {fileID: 2268467176535956889, guid: b1dbaf875e94e2a43b55d721b7d5c3cc,
        type: 3}
      propertyPath: m_LocalEulerAnglesHint.y
      value: 0
      objectReference: {fileID: 0}
    - target: {fileID: 2268467176535956889, guid: b1dbaf875e94e2a43b55d721b7d5c3cc,
        type: 3}
      propertyPath: m_LocalEulerAnglesHint.z
      value: 0
      objectReference: {fileID: 0}
    - target: {fileID: 2268467176535956889, guid: b1dbaf875e94e2a43b55d721b7d5c3cc,
        type: 3}
      propertyPath: m_LocalScale.x
      value: 1
      objectReference: {fileID: 0}
    - target: {fileID: 2268467176535956889, guid: b1dbaf875e94e2a43b55d721b7d5c3cc,
        type: 3}
      propertyPath: m_LocalScale.z
      value: 1
      objectReference: {fileID: 0}
    m_RemovedComponents: []
  m_SourcePrefab: {fileID: 100100000, guid: b1dbaf875e94e2a43b55d721b7d5c3cc, type: 3}
--- !u!4 &3975337498378811744 stripped
Transform:
  m_CorrespondingSourceObject: {fileID: 2268467176535956889, guid: b1dbaf875e94e2a43b55d721b7d5c3cc,
    type: 3}
  m_PrefabInstance: {fileID: 2904833324644541689}
  m_PrefabAsset: {fileID: 0}
--- !u!1001 &2974206980967324517
PrefabInstance:
  m_ObjectHideFlags: 0
  serializedVersion: 2
  m_Modification:
    m_TransformParent: {fileID: 8092455225868875984}
    m_Modifications:
    - target: {fileID: 2268467176535956888, guid: b1dbaf875e94e2a43b55d721b7d5c3cc,
        type: 3}
      propertyPath: m_Name
      value: Bomb (1)
      objectReference: {fileID: 0}
    - target: {fileID: 2268467176535956889, guid: b1dbaf875e94e2a43b55d721b7d5c3cc,
        type: 3}
      propertyPath: m_LocalPosition.x
      value: 0
      objectReference: {fileID: 0}
    - target: {fileID: 2268467176535956889, guid: b1dbaf875e94e2a43b55d721b7d5c3cc,
        type: 3}
      propertyPath: m_LocalPosition.y
      value: 0
      objectReference: {fileID: 0}
    - target: {fileID: 2268467176535956889, guid: b1dbaf875e94e2a43b55d721b7d5c3cc,
        type: 3}
      propertyPath: m_LocalPosition.z
      value: -35
      objectReference: {fileID: 0}
    - target: {fileID: 2268467176535956889, guid: b1dbaf875e94e2a43b55d721b7d5c3cc,
        type: 3}
      propertyPath: m_LocalRotation.x
      value: -0
      objectReference: {fileID: 0}
    - target: {fileID: 2268467176535956889, guid: b1dbaf875e94e2a43b55d721b7d5c3cc,
        type: 3}
      propertyPath: m_LocalRotation.y
      value: -0
      objectReference: {fileID: 0}
    - target: {fileID: 2268467176535956889, guid: b1dbaf875e94e2a43b55d721b7d5c3cc,
        type: 3}
      propertyPath: m_LocalRotation.z
      value: -0
      objectReference: {fileID: 0}
    - target: {fileID: 2268467176535956889, guid: b1dbaf875e94e2a43b55d721b7d5c3cc,
        type: 3}
      propertyPath: m_LocalRotation.w
      value: 1
      objectReference: {fileID: 0}
    - target: {fileID: 2268467176535956889, guid: b1dbaf875e94e2a43b55d721b7d5c3cc,
        type: 3}
      propertyPath: m_RootOrder
      value: 1
      objectReference: {fileID: 0}
    - target: {fileID: 2268467176535956889, guid: b1dbaf875e94e2a43b55d721b7d5c3cc,
        type: 3}
      propertyPath: m_LocalEulerAnglesHint.x
      value: 0
      objectReference: {fileID: 0}
    - target: {fileID: 2268467176535956889, guid: b1dbaf875e94e2a43b55d721b7d5c3cc,
        type: 3}
      propertyPath: m_LocalEulerAnglesHint.y
      value: 0
      objectReference: {fileID: 0}
    - target: {fileID: 2268467176535956889, guid: b1dbaf875e94e2a43b55d721b7d5c3cc,
        type: 3}
      propertyPath: m_LocalEulerAnglesHint.z
      value: 0
      objectReference: {fileID: 0}
    - target: {fileID: 2268467176535956889, guid: b1dbaf875e94e2a43b55d721b7d5c3cc,
        type: 3}
      propertyPath: m_LocalScale.x
      value: 1
      objectReference: {fileID: 0}
    - target: {fileID: 2268467176535956889, guid: b1dbaf875e94e2a43b55d721b7d5c3cc,
        type: 3}
      propertyPath: m_LocalScale.z
      value: 1
      objectReference: {fileID: 0}
    m_RemovedComponents: []
  m_SourcePrefab: {fileID: 100100000, guid: b1dbaf875e94e2a43b55d721b7d5c3cc, type: 3}
--- !u!4 &3908481938427758332 stripped
Transform:
  m_CorrespondingSourceObject: {fileID: 2268467176535956889, guid: b1dbaf875e94e2a43b55d721b7d5c3cc,
    type: 3}
  m_PrefabInstance: {fileID: 2974206980967324517}
  m_PrefabAsset: {fileID: 0}
--- !u!1001 &2998873991248703704
PrefabInstance:
  m_ObjectHideFlags: 0
  serializedVersion: 2
  m_Modification:
    m_TransformParent: {fileID: 8092455225868875984}
    m_Modifications:
    - target: {fileID: 2268467176535956888, guid: b1dbaf875e94e2a43b55d721b7d5c3cc,
        type: 3}
      propertyPath: m_Name
      value: Bomb (5)
      objectReference: {fileID: 0}
    - target: {fileID: 2268467176535956889, guid: b1dbaf875e94e2a43b55d721b7d5c3cc,
        type: 3}
      propertyPath: m_LocalPosition.x
      value: 8
      objectReference: {fileID: 0}
    - target: {fileID: 2268467176535956889, guid: b1dbaf875e94e2a43b55d721b7d5c3cc,
        type: 3}
      propertyPath: m_LocalPosition.y
      value: 0
      objectReference: {fileID: 0}
    - target: {fileID: 2268467176535956889, guid: b1dbaf875e94e2a43b55d721b7d5c3cc,
        type: 3}
      propertyPath: m_LocalPosition.z
      value: -25
      objectReference: {fileID: 0}
    - target: {fileID: 2268467176535956889, guid: b1dbaf875e94e2a43b55d721b7d5c3cc,
        type: 3}
      propertyPath: m_LocalRotation.x
      value: -0
      objectReference: {fileID: 0}
    - target: {fileID: 2268467176535956889, guid: b1dbaf875e94e2a43b55d721b7d5c3cc,
        type: 3}
      propertyPath: m_LocalRotation.y
      value: -0
      objectReference: {fileID: 0}
    - target: {fileID: 2268467176535956889, guid: b1dbaf875e94e2a43b55d721b7d5c3cc,
        type: 3}
      propertyPath: m_LocalRotation.z
      value: -0
      objectReference: {fileID: 0}
    - target: {fileID: 2268467176535956889, guid: b1dbaf875e94e2a43b55d721b7d5c3cc,
        type: 3}
      propertyPath: m_LocalRotation.w
      value: 1
      objectReference: {fileID: 0}
    - target: {fileID: 2268467176535956889, guid: b1dbaf875e94e2a43b55d721b7d5c3cc,
        type: 3}
      propertyPath: m_RootOrder
      value: 4
      objectReference: {fileID: 0}
    - target: {fileID: 2268467176535956889, guid: b1dbaf875e94e2a43b55d721b7d5c3cc,
        type: 3}
      propertyPath: m_LocalEulerAnglesHint.x
      value: 0
      objectReference: {fileID: 0}
    - target: {fileID: 2268467176535956889, guid: b1dbaf875e94e2a43b55d721b7d5c3cc,
        type: 3}
      propertyPath: m_LocalEulerAnglesHint.y
      value: 0
      objectReference: {fileID: 0}
    - target: {fileID: 2268467176535956889, guid: b1dbaf875e94e2a43b55d721b7d5c3cc,
        type: 3}
      propertyPath: m_LocalEulerAnglesHint.z
      value: 0
      objectReference: {fileID: 0}
    - target: {fileID: 2268467176535956889, guid: b1dbaf875e94e2a43b55d721b7d5c3cc,
        type: 3}
      propertyPath: m_LocalScale.x
      value: 1
      objectReference: {fileID: 0}
    - target: {fileID: 2268467176535956889, guid: b1dbaf875e94e2a43b55d721b7d5c3cc,
        type: 3}
      propertyPath: m_LocalScale.z
      value: 1
      objectReference: {fileID: 0}
    m_RemovedComponents: []
  m_SourcePrefab: {fileID: 100100000, guid: b1dbaf875e94e2a43b55d721b7d5c3cc, type: 3}
--- !u!4 &3955588606575668545 stripped
Transform:
  m_CorrespondingSourceObject: {fileID: 2268467176535956889, guid: b1dbaf875e94e2a43b55d721b7d5c3cc,
    type: 3}
  m_PrefabInstance: {fileID: 2998873991248703704}
  m_PrefabAsset: {fileID: 0}
--- !u!1001 &3887057449194012670
PrefabInstance:
  m_ObjectHideFlags: 0
  serializedVersion: 2
  m_Modification:
    m_TransformParent: {fileID: 8092455225868875984}
    m_Modifications:
    - target: {fileID: 2268467176535956888, guid: b1dbaf875e94e2a43b55d721b7d5c3cc,
        type: 3}
      propertyPath: m_Name
      value: Bomb (15)
      objectReference: {fileID: 0}
    - target: {fileID: 2268467176535956889, guid: b1dbaf875e94e2a43b55d721b7d5c3cc,
        type: 3}
      propertyPath: m_LocalPosition.x
      value: 0
      objectReference: {fileID: 0}
    - target: {fileID: 2268467176535956889, guid: b1dbaf875e94e2a43b55d721b7d5c3cc,
        type: 3}
      propertyPath: m_LocalPosition.y
      value: 0
      objectReference: {fileID: 0}
    - target: {fileID: 2268467176535956889, guid: b1dbaf875e94e2a43b55d721b7d5c3cc,
        type: 3}
      propertyPath: m_LocalPosition.z
      value: 25
      objectReference: {fileID: 0}
    - target: {fileID: 2268467176535956889, guid: b1dbaf875e94e2a43b55d721b7d5c3cc,
        type: 3}
      propertyPath: m_LocalRotation.x
      value: -0
      objectReference: {fileID: 0}
    - target: {fileID: 2268467176535956889, guid: b1dbaf875e94e2a43b55d721b7d5c3cc,
        type: 3}
      propertyPath: m_LocalRotation.y
      value: -0
      objectReference: {fileID: 0}
    - target: {fileID: 2268467176535956889, guid: b1dbaf875e94e2a43b55d721b7d5c3cc,
        type: 3}
      propertyPath: m_LocalRotation.z
      value: -0
      objectReference: {fileID: 0}
    - target: {fileID: 2268467176535956889, guid: b1dbaf875e94e2a43b55d721b7d5c3cc,
        type: 3}
      propertyPath: m_LocalRotation.w
      value: 1
      objectReference: {fileID: 0}
    - target: {fileID: 2268467176535956889, guid: b1dbaf875e94e2a43b55d721b7d5c3cc,
        type: 3}
      propertyPath: m_RootOrder
      value: 14
      objectReference: {fileID: 0}
    - target: {fileID: 2268467176535956889, guid: b1dbaf875e94e2a43b55d721b7d5c3cc,
        type: 3}
      propertyPath: m_LocalEulerAnglesHint.x
      value: 0
      objectReference: {fileID: 0}
    - target: {fileID: 2268467176535956889, guid: b1dbaf875e94e2a43b55d721b7d5c3cc,
        type: 3}
      propertyPath: m_LocalEulerAnglesHint.y
      value: 0
      objectReference: {fileID: 0}
    - target: {fileID: 2268467176535956889, guid: b1dbaf875e94e2a43b55d721b7d5c3cc,
        type: 3}
      propertyPath: m_LocalEulerAnglesHint.z
      value: 0
      objectReference: {fileID: 0}
    - target: {fileID: 2268467176535956889, guid: b1dbaf875e94e2a43b55d721b7d5c3cc,
        type: 3}
      propertyPath: m_LocalScale.x
      value: 1
      objectReference: {fileID: 0}
    - target: {fileID: 2268467176535956889, guid: b1dbaf875e94e2a43b55d721b7d5c3cc,
        type: 3}
      propertyPath: m_LocalScale.z
      value: 1
      objectReference: {fileID: 0}
    m_RemovedComponents: []
  m_SourcePrefab: {fileID: 100100000, guid: b1dbaf875e94e2a43b55d721b7d5c3cc, type: 3}
--- !u!4 &3065452467122709095 stripped
Transform:
  m_CorrespondingSourceObject: {fileID: 2268467176535956889, guid: b1dbaf875e94e2a43b55d721b7d5c3cc,
    type: 3}
  m_PrefabInstance: {fileID: 3887057449194012670}
  m_PrefabAsset: {fileID: 0}
--- !u!1001 &4599475002528655030
PrefabInstance:
  m_ObjectHideFlags: 0
  serializedVersion: 2
  m_Modification:
    m_TransformParent: {fileID: 8092455225868875984}
    m_Modifications:
    - target: {fileID: 2268467176535956888, guid: b1dbaf875e94e2a43b55d721b7d5c3cc,
        type: 3}
      propertyPath: m_Name
      value: Bomb (9)
      objectReference: {fileID: 0}
    - target: {fileID: 2268467176535956889, guid: b1dbaf875e94e2a43b55d721b7d5c3cc,
        type: 3}
      propertyPath: m_LocalPosition.x
      value: -8
      objectReference: {fileID: 0}
    - target: {fileID: 2268467176535956889, guid: b1dbaf875e94e2a43b55d721b7d5c3cc,
        type: 3}
      propertyPath: m_LocalPosition.y
      value: 0
      objectReference: {fileID: 0}
    - target: {fileID: 2268467176535956889, guid: b1dbaf875e94e2a43b55d721b7d5c3cc,
        type: 3}
      propertyPath: m_LocalPosition.z
      value: -5
      objectReference: {fileID: 0}
    - target: {fileID: 2268467176535956889, guid: b1dbaf875e94e2a43b55d721b7d5c3cc,
        type: 3}
      propertyPath: m_LocalRotation.x
      value: -0
      objectReference: {fileID: 0}
    - target: {fileID: 2268467176535956889, guid: b1dbaf875e94e2a43b55d721b7d5c3cc,
        type: 3}
      propertyPath: m_LocalRotation.y
      value: -0
      objectReference: {fileID: 0}
    - target: {fileID: 2268467176535956889, guid: b1dbaf875e94e2a43b55d721b7d5c3cc,
        type: 3}
      propertyPath: m_LocalRotation.z
      value: -0
      objectReference: {fileID: 0}
    - target: {fileID: 2268467176535956889, guid: b1dbaf875e94e2a43b55d721b7d5c3cc,
        type: 3}
      propertyPath: m_LocalRotation.w
      value: 1
      objectReference: {fileID: 0}
    - target: {fileID: 2268467176535956889, guid: b1dbaf875e94e2a43b55d721b7d5c3cc,
        type: 3}
      propertyPath: m_RootOrder
      value: 8
      objectReference: {fileID: 0}
    - target: {fileID: 2268467176535956889, guid: b1dbaf875e94e2a43b55d721b7d5c3cc,
        type: 3}
      propertyPath: m_LocalEulerAnglesHint.x
      value: 0
      objectReference: {fileID: 0}
    - target: {fileID: 2268467176535956889, guid: b1dbaf875e94e2a43b55d721b7d5c3cc,
        type: 3}
      propertyPath: m_LocalEulerAnglesHint.y
      value: 0
      objectReference: {fileID: 0}
    - target: {fileID: 2268467176535956889, guid: b1dbaf875e94e2a43b55d721b7d5c3cc,
        type: 3}
      propertyPath: m_LocalEulerAnglesHint.z
      value: 0
      objectReference: {fileID: 0}
    - target: {fileID: 2268467176535956889, guid: b1dbaf875e94e2a43b55d721b7d5c3cc,
        type: 3}
      propertyPath: m_LocalScale.x
      value: 1
      objectReference: {fileID: 0}
    - target: {fileID: 2268467176535956889, guid: b1dbaf875e94e2a43b55d721b7d5c3cc,
        type: 3}
      propertyPath: m_LocalScale.z
      value: 1
      objectReference: {fileID: 0}
    m_RemovedComponents: []
  m_SourcePrefab: {fileID: 100100000, guid: b1dbaf875e94e2a43b55d721b7d5c3cc, type: 3}
--- !u!4 &2355286696834988847 stripped
Transform:
  m_CorrespondingSourceObject: {fileID: 2268467176535956889, guid: b1dbaf875e94e2a43b55d721b7d5c3cc,
    type: 3}
  m_PrefabInstance: {fileID: 4599475002528655030}
  m_PrefabAsset: {fileID: 0}
--- !u!1001 &4982919900450838403
PrefabInstance:
  m_ObjectHideFlags: 0
  serializedVersion: 2
  m_Modification:
    m_TransformParent: {fileID: 8092455225868875984}
    m_Modifications:
    - target: {fileID: 2268467176535956888, guid: b1dbaf875e94e2a43b55d721b7d5c3cc,
        type: 3}
      propertyPath: m_Name
      value: Bomb (16)
      objectReference: {fileID: 0}
    - target: {fileID: 2268467176535956889, guid: b1dbaf875e94e2a43b55d721b7d5c3cc,
        type: 3}
      propertyPath: m_LocalPosition.x
      value: -4
      objectReference: {fileID: 0}
    - target: {fileID: 2268467176535956889, guid: b1dbaf875e94e2a43b55d721b7d5c3cc,
        type: 3}
      propertyPath: m_LocalPosition.y
      value: 0
      objectReference: {fileID: 0}
    - target: {fileID: 2268467176535956889, guid: b1dbaf875e94e2a43b55d721b7d5c3cc,
        type: 3}
      propertyPath: m_LocalPosition.z
      value: 30
      objectReference: {fileID: 0}
    - target: {fileID: 2268467176535956889, guid: b1dbaf875e94e2a43b55d721b7d5c3cc,
        type: 3}
      propertyPath: m_LocalRotation.x
      value: -0
      objectReference: {fileID: 0}
    - target: {fileID: 2268467176535956889, guid: b1dbaf875e94e2a43b55d721b7d5c3cc,
        type: 3}
      propertyPath: m_LocalRotation.y
      value: -0
      objectReference: {fileID: 0}
    - target: {fileID: 2268467176535956889, guid: b1dbaf875e94e2a43b55d721b7d5c3cc,
        type: 3}
      propertyPath: m_LocalRotation.z
      value: -0
      objectReference: {fileID: 0}
    - target: {fileID: 2268467176535956889, guid: b1dbaf875e94e2a43b55d721b7d5c3cc,
        type: 3}
      propertyPath: m_LocalRotation.w
      value: 1
      objectReference: {fileID: 0}
    - target: {fileID: 2268467176535956889, guid: b1dbaf875e94e2a43b55d721b7d5c3cc,
        type: 3}
      propertyPath: m_RootOrder
      value: 15
      objectReference: {fileID: 0}
    - target: {fileID: 2268467176535956889, guid: b1dbaf875e94e2a43b55d721b7d5c3cc,
        type: 3}
      propertyPath: m_LocalEulerAnglesHint.x
      value: 0
      objectReference: {fileID: 0}
    - target: {fileID: 2268467176535956889, guid: b1dbaf875e94e2a43b55d721b7d5c3cc,
        type: 3}
      propertyPath: m_LocalEulerAnglesHint.y
      value: 0
      objectReference: {fileID: 0}
    - target: {fileID: 2268467176535956889, guid: b1dbaf875e94e2a43b55d721b7d5c3cc,
        type: 3}
      propertyPath: m_LocalEulerAnglesHint.z
      value: 0
      objectReference: {fileID: 0}
    - target: {fileID: 2268467176535956889, guid: b1dbaf875e94e2a43b55d721b7d5c3cc,
        type: 3}
      propertyPath: m_LocalScale.x
      value: 1
      objectReference: {fileID: 0}
    - target: {fileID: 2268467176535956889, guid: b1dbaf875e94e2a43b55d721b7d5c3cc,
        type: 3}
      propertyPath: m_LocalScale.z
      value: 1
      objectReference: {fileID: 0}
    m_RemovedComponents: []
  m_SourcePrefab: {fileID: 100100000, guid: b1dbaf875e94e2a43b55d721b7d5c3cc, type: 3}
--- !u!4 &6511595791622588954 stripped
Transform:
  m_CorrespondingSourceObject: {fileID: 2268467176535956889, guid: b1dbaf875e94e2a43b55d721b7d5c3cc,
    type: 3}
  m_PrefabInstance: {fileID: 4982919900450838403}
  m_PrefabAsset: {fileID: 0}
--- !u!1001 &5818196337115740968
PrefabInstance:
  m_ObjectHideFlags: 0
  serializedVersion: 2
  m_Modification:
    m_TransformParent: {fileID: 8092455225868875984}
    m_Modifications:
    - target: {fileID: 2268467176535956888, guid: b1dbaf875e94e2a43b55d721b7d5c3cc,
        type: 3}
      propertyPath: m_Name
      value: Bomb (3)
      objectReference: {fileID: 0}
    - target: {fileID: 2268467176535956889, guid: b1dbaf875e94e2a43b55d721b7d5c3cc,
        type: 3}
      propertyPath: m_LocalPosition.x
      value: -4
      objectReference: {fileID: 0}
    - target: {fileID: 2268467176535956889, guid: b1dbaf875e94e2a43b55d721b7d5c3cc,
        type: 3}
      propertyPath: m_LocalPosition.y
      value: 0
      objectReference: {fileID: 0}
    - target: {fileID: 2268467176535956889, guid: b1dbaf875e94e2a43b55d721b7d5c3cc,
        type: 3}
      propertyPath: m_LocalPosition.z
      value: 40
      objectReference: {fileID: 0}
    - target: {fileID: 2268467176535956889, guid: b1dbaf875e94e2a43b55d721b7d5c3cc,
        type: 3}
      propertyPath: m_LocalRotation.x
      value: -0
      objectReference: {fileID: 0}
    - target: {fileID: 2268467176535956889, guid: b1dbaf875e94e2a43b55d721b7d5c3cc,
        type: 3}
      propertyPath: m_LocalRotation.y
      value: -0
      objectReference: {fileID: 0}
    - target: {fileID: 2268467176535956889, guid: b1dbaf875e94e2a43b55d721b7d5c3cc,
        type: 3}
      propertyPath: m_LocalRotation.z
      value: -0
      objectReference: {fileID: 0}
    - target: {fileID: 2268467176535956889, guid: b1dbaf875e94e2a43b55d721b7d5c3cc,
        type: 3}
      propertyPath: m_LocalRotation.w
      value: 1
      objectReference: {fileID: 0}
    - target: {fileID: 2268467176535956889, guid: b1dbaf875e94e2a43b55d721b7d5c3cc,
        type: 3}
      propertyPath: m_RootOrder
      value: 2
      objectReference: {fileID: 0}
    - target: {fileID: 2268467176535956889, guid: b1dbaf875e94e2a43b55d721b7d5c3cc,
        type: 3}
      propertyPath: m_LocalEulerAnglesHint.x
      value: 0
      objectReference: {fileID: 0}
    - target: {fileID: 2268467176535956889, guid: b1dbaf875e94e2a43b55d721b7d5c3cc,
        type: 3}
      propertyPath: m_LocalEulerAnglesHint.y
      value: 0
      objectReference: {fileID: 0}
    - target: {fileID: 2268467176535956889, guid: b1dbaf875e94e2a43b55d721b7d5c3cc,
        type: 3}
      propertyPath: m_LocalEulerAnglesHint.z
      value: 0
      objectReference: {fileID: 0}
    - target: {fileID: 2268467176535956889, guid: b1dbaf875e94e2a43b55d721b7d5c3cc,
        type: 3}
      propertyPath: m_LocalScale.x
      value: 1
      objectReference: {fileID: 0}
    - target: {fileID: 2268467176535956889, guid: b1dbaf875e94e2a43b55d721b7d5c3cc,
        type: 3}
      propertyPath: m_LocalScale.z
      value: 1
      objectReference: {fileID: 0}
    m_RemovedComponents: []
  m_SourcePrefab: {fileID: 100100000, guid: b1dbaf875e94e2a43b55d721b7d5c3cc, type: 3}
--- !u!4 &5748093265354958513 stripped
Transform:
  m_CorrespondingSourceObject: {fileID: 2268467176535956889, guid: b1dbaf875e94e2a43b55d721b7d5c3cc,
    type: 3}
  m_PrefabInstance: {fileID: 5818196337115740968}
  m_PrefabAsset: {fileID: 0}
--- !u!1001 &6320748368734433119
PrefabInstance:
  m_ObjectHideFlags: 0
  serializedVersion: 2
  m_Modification:
    m_TransformParent: {fileID: 8092455225868875984}
    m_Modifications:
    - target: {fileID: 2268467176535956888, guid: b1dbaf875e94e2a43b55d721b7d5c3cc,
        type: 3}
      propertyPath: m_Name
      value: Bomb (11)
      objectReference: {fileID: 0}
    - target: {fileID: 2268467176535956889, guid: b1dbaf875e94e2a43b55d721b7d5c3cc,
        type: 3}
      propertyPath: m_LocalPosition.x
      value: 0
      objectReference: {fileID: 0}
    - target: {fileID: 2268467176535956889, guid: b1dbaf875e94e2a43b55d721b7d5c3cc,
        type: 3}
      propertyPath: m_LocalPosition.y
      value: 0
      objectReference: {fileID: 0}
    - target: {fileID: 2268467176535956889, guid: b1dbaf875e94e2a43b55d721b7d5c3cc,
        type: 3}
      propertyPath: m_LocalPosition.z
      value: 5
      objectReference: {fileID: 0}
    - target: {fileID: 2268467176535956889, guid: b1dbaf875e94e2a43b55d721b7d5c3cc,
        type: 3}
      propertyPath: m_LocalRotation.x
      value: -0
      objectReference: {fileID: 0}
    - target: {fileID: 2268467176535956889, guid: b1dbaf875e94e2a43b55d721b7d5c3cc,
        type: 3}
      propertyPath: m_LocalRotation.y
      value: -0
      objectReference: {fileID: 0}
    - target: {fileID: 2268467176535956889, guid: b1dbaf875e94e2a43b55d721b7d5c3cc,
        type: 3}
      propertyPath: m_LocalRotation.z
      value: -0
      objectReference: {fileID: 0}
    - target: {fileID: 2268467176535956889, guid: b1dbaf875e94e2a43b55d721b7d5c3cc,
        type: 3}
      propertyPath: m_LocalRotation.w
      value: 1
      objectReference: {fileID: 0}
    - target: {fileID: 2268467176535956889, guid: b1dbaf875e94e2a43b55d721b7d5c3cc,
        type: 3}
      propertyPath: m_RootOrder
      value: 10
      objectReference: {fileID: 0}
    - target: {fileID: 2268467176535956889, guid: b1dbaf875e94e2a43b55d721b7d5c3cc,
        type: 3}
      propertyPath: m_LocalEulerAnglesHint.x
      value: 0
      objectReference: {fileID: 0}
    - target: {fileID: 2268467176535956889, guid: b1dbaf875e94e2a43b55d721b7d5c3cc,
        type: 3}
      propertyPath: m_LocalEulerAnglesHint.y
      value: 0
      objectReference: {fileID: 0}
    - target: {fileID: 2268467176535956889, guid: b1dbaf875e94e2a43b55d721b7d5c3cc,
        type: 3}
      propertyPath: m_LocalEulerAnglesHint.z
      value: 0
      objectReference: {fileID: 0}
    - target: {fileID: 2268467176535956889, guid: b1dbaf875e94e2a43b55d721b7d5c3cc,
        type: 3}
      propertyPath: m_LocalScale.x
      value: 1
      objectReference: {fileID: 0}
    - target: {fileID: 2268467176535956889, guid: b1dbaf875e94e2a43b55d721b7d5c3cc,
        type: 3}
      propertyPath: m_LocalScale.z
      value: 1
      objectReference: {fileID: 0}
    m_RemovedComponents: []
  m_SourcePrefab: {fileID: 100100000, guid: b1dbaf875e94e2a43b55d721b7d5c3cc, type: 3}
--- !u!4 &5245842302345458374 stripped
Transform:
  m_CorrespondingSourceObject: {fileID: 2268467176535956889, guid: b1dbaf875e94e2a43b55d721b7d5c3cc,
    type: 3}
  m_PrefabInstance: {fileID: 6320748368734433119}
  m_PrefabAsset: {fileID: 0}
--- !u!1001 &7005882404922960741
PrefabInstance:
  m_ObjectHideFlags: 0
  serializedVersion: 2
  m_Modification:
    m_TransformParent: {fileID: 8092455225868875984}
    m_Modifications:
    - target: {fileID: 2268467176535956888, guid: b1dbaf875e94e2a43b55d721b7d5c3cc,
        type: 3}
      propertyPath: m_Name
      value: Bomb (4)
      objectReference: {fileID: 0}
    - target: {fileID: 2268467176535956889, guid: b1dbaf875e94e2a43b55d721b7d5c3cc,
        type: 3}
      propertyPath: m_LocalPosition.x
      value: 4
      objectReference: {fileID: 0}
    - target: {fileID: 2268467176535956889, guid: b1dbaf875e94e2a43b55d721b7d5c3cc,
        type: 3}
      propertyPath: m_LocalPosition.y
      value: 0
      objectReference: {fileID: 0}
    - target: {fileID: 2268467176535956889, guid: b1dbaf875e94e2a43b55d721b7d5c3cc,
        type: 3}
      propertyPath: m_LocalPosition.z
      value: -30
      objectReference: {fileID: 0}
    - target: {fileID: 2268467176535956889, guid: b1dbaf875e94e2a43b55d721b7d5c3cc,
        type: 3}
      propertyPath: m_LocalRotation.x
      value: -0
      objectReference: {fileID: 0}
    - target: {fileID: 2268467176535956889, guid: b1dbaf875e94e2a43b55d721b7d5c3cc,
        type: 3}
      propertyPath: m_LocalRotation.y
      value: -0
      objectReference: {fileID: 0}
    - target: {fileID: 2268467176535956889, guid: b1dbaf875e94e2a43b55d721b7d5c3cc,
        type: 3}
      propertyPath: m_LocalRotation.z
      value: -0
      objectReference: {fileID: 0}
    - target: {fileID: 2268467176535956889, guid: b1dbaf875e94e2a43b55d721b7d5c3cc,
        type: 3}
      propertyPath: m_LocalRotation.w
      value: 1
      objectReference: {fileID: 0}
    - target: {fileID: 2268467176535956889, guid: b1dbaf875e94e2a43b55d721b7d5c3cc,
        type: 3}
      propertyPath: m_RootOrder
      value: 3
      objectReference: {fileID: 0}
    - target: {fileID: 2268467176535956889, guid: b1dbaf875e94e2a43b55d721b7d5c3cc,
        type: 3}
      propertyPath: m_LocalEulerAnglesHint.x
      value: 0
      objectReference: {fileID: 0}
    - target: {fileID: 2268467176535956889, guid: b1dbaf875e94e2a43b55d721b7d5c3cc,
        type: 3}
      propertyPath: m_LocalEulerAnglesHint.y
      value: 0
      objectReference: {fileID: 0}
    - target: {fileID: 2268467176535956889, guid: b1dbaf875e94e2a43b55d721b7d5c3cc,
        type: 3}
      propertyPath: m_LocalEulerAnglesHint.z
      value: 0
      objectReference: {fileID: 0}
    - target: {fileID: 2268467176535956889, guid: b1dbaf875e94e2a43b55d721b7d5c3cc,
        type: 3}
      propertyPath: m_LocalScale.x
      value: 1
      objectReference: {fileID: 0}
    - target: {fileID: 2268467176535956889, guid: b1dbaf875e94e2a43b55d721b7d5c3cc,
        type: 3}
      propertyPath: m_LocalScale.z
      value: 1
      objectReference: {fileID: 0}
    m_RemovedComponents: []
  m_SourcePrefab: {fileID: 100100000, guid: b1dbaf875e94e2a43b55d721b7d5c3cc, type: 3}
--- !u!4 &9098065152155629308 stripped
Transform:
  m_CorrespondingSourceObject: {fileID: 2268467176535956889, guid: b1dbaf875e94e2a43b55d721b7d5c3cc,
    type: 3}
  m_PrefabInstance: {fileID: 7005882404922960741}
  m_PrefabAsset: {fileID: 0}
--- !u!1001 &7280099534699916549
PrefabInstance:
  m_ObjectHideFlags: 0
  serializedVersion: 2
  m_Modification:
    m_TransformParent: {fileID: 8092455225868875984}
    m_Modifications:
    - target: {fileID: 2268467176535956888, guid: b1dbaf875e94e2a43b55d721b7d5c3cc,
        type: 3}
      propertyPath: m_Name
      value: Bomb (6)
      objectReference: {fileID: 0}
    - target: {fileID: 2268467176535956889, guid: b1dbaf875e94e2a43b55d721b7d5c3cc,
        type: 3}
      propertyPath: m_LocalPosition.x
      value: 4
      objectReference: {fileID: 0}
    - target: {fileID: 2268467176535956889, guid: b1dbaf875e94e2a43b55d721b7d5c3cc,
        type: 3}
      propertyPath: m_LocalPosition.y
      value: 0
      objectReference: {fileID: 0}
    - target: {fileID: 2268467176535956889, guid: b1dbaf875e94e2a43b55d721b7d5c3cc,
        type: 3}
      propertyPath: m_LocalPosition.z
      value: -20
      objectReference: {fileID: 0}
    - target: {fileID: 2268467176535956889, guid: b1dbaf875e94e2a43b55d721b7d5c3cc,
        type: 3}
      propertyPath: m_LocalRotation.x
      value: -0
      objectReference: {fileID: 0}
    - target: {fileID: 2268467176535956889, guid: b1dbaf875e94e2a43b55d721b7d5c3cc,
        type: 3}
      propertyPath: m_LocalRotation.y
      value: -0
      objectReference: {fileID: 0}
    - target: {fileID: 2268467176535956889, guid: b1dbaf875e94e2a43b55d721b7d5c3cc,
        type: 3}
      propertyPath: m_LocalRotation.z
      value: -0
      objectReference: {fileID: 0}
    - target: {fileID: 2268467176535956889, guid: b1dbaf875e94e2a43b55d721b7d5c3cc,
        type: 3}
      propertyPath: m_LocalRotation.w
      value: 1
      objectReference: {fileID: 0}
    - target: {fileID: 2268467176535956889, guid: b1dbaf875e94e2a43b55d721b7d5c3cc,
        type: 3}
      propertyPath: m_RootOrder
      value: 5
      objectReference: {fileID: 0}
    - target: {fileID: 2268467176535956889, guid: b1dbaf875e94e2a43b55d721b7d5c3cc,
        type: 3}
      propertyPath: m_LocalEulerAnglesHint.x
      value: 0
      objectReference: {fileID: 0}
    - target: {fileID: 2268467176535956889, guid: b1dbaf875e94e2a43b55d721b7d5c3cc,
        type: 3}
      propertyPath: m_LocalEulerAnglesHint.y
      value: 0
      objectReference: {fileID: 0}
    - target: {fileID: 2268467176535956889, guid: b1dbaf875e94e2a43b55d721b7d5c3cc,
        type: 3}
      propertyPath: m_LocalEulerAnglesHint.z
      value: 0
      objectReference: {fileID: 0}
    - target: {fileID: 2268467176535956889, guid: b1dbaf875e94e2a43b55d721b7d5c3cc,
        type: 3}
      propertyPath: m_LocalScale.x
      value: 1
      objectReference: {fileID: 0}
    - target: {fileID: 2268467176535956889, guid: b1dbaf875e94e2a43b55d721b7d5c3cc,
        type: 3}
      propertyPath: m_LocalScale.z
      value: 1
      objectReference: {fileID: 0}
    m_RemovedComponents: []
  m_SourcePrefab: {fileID: 100100000, guid: b1dbaf875e94e2a43b55d721b7d5c3cc, type: 3}
--- !u!4 &8823445660302405788 stripped
Transform:
  m_CorrespondingSourceObject: {fileID: 2268467176535956889, guid: b1dbaf875e94e2a43b55d721b7d5c3cc,
    type: 3}
  m_PrefabInstance: {fileID: 7280099534699916549}
  m_PrefabAsset: {fileID: 0}
--- !u!1001 &7975194952751894506
PrefabInstance:
  m_ObjectHideFlags: 0
  serializedVersion: 2
  m_Modification:
    m_TransformParent: {fileID: 8092455225868875984}
    m_Modifications:
    - target: {fileID: 2268467176535956888, guid: b1dbaf875e94e2a43b55d721b7d5c3cc,
        type: 3}
      propertyPath: m_Name
      value: Bomb (10)
      objectReference: {fileID: 0}
    - target: {fileID: 2268467176535956889, guid: b1dbaf875e94e2a43b55d721b7d5c3cc,
        type: 3}
      propertyPath: m_LocalPosition.x
      value: -4
      objectReference: {fileID: 0}
    - target: {fileID: 2268467176535956889, guid: b1dbaf875e94e2a43b55d721b7d5c3cc,
        type: 3}
      propertyPath: m_LocalPosition.y
      value: 0
      objectReference: {fileID: 0}
    - target: {fileID: 2268467176535956889, guid: b1dbaf875e94e2a43b55d721b7d5c3cc,
        type: 3}
      propertyPath: m_LocalPosition.z
      value: 0
      objectReference: {fileID: 0}
    - target: {fileID: 2268467176535956889, guid: b1dbaf875e94e2a43b55d721b7d5c3cc,
        type: 3}
      propertyPath: m_LocalRotation.x
      value: -0
      objectReference: {fileID: 0}
    - target: {fileID: 2268467176535956889, guid: b1dbaf875e94e2a43b55d721b7d5c3cc,
        type: 3}
      propertyPath: m_LocalRotation.y
      value: -0
      objectReference: {fileID: 0}
    - target: {fileID: 2268467176535956889, guid: b1dbaf875e94e2a43b55d721b7d5c3cc,
        type: 3}
      propertyPath: m_LocalRotation.z
      value: -0
      objectReference: {fileID: 0}
    - target: {fileID: 2268467176535956889, guid: b1dbaf875e94e2a43b55d721b7d5c3cc,
        type: 3}
      propertyPath: m_LocalRotation.w
      value: 1
      objectReference: {fileID: 0}
    - target: {fileID: 2268467176535956889, guid: b1dbaf875e94e2a43b55d721b7d5c3cc,
        type: 3}
      propertyPath: m_RootOrder
      value: 9
      objectReference: {fileID: 0}
    - target: {fileID: 2268467176535956889, guid: b1dbaf875e94e2a43b55d721b7d5c3cc,
        type: 3}
      propertyPath: m_LocalEulerAnglesHint.x
      value: 0
      objectReference: {fileID: 0}
    - target: {fileID: 2268467176535956889, guid: b1dbaf875e94e2a43b55d721b7d5c3cc,
        type: 3}
      propertyPath: m_LocalEulerAnglesHint.y
      value: 0
      objectReference: {fileID: 0}
    - target: {fileID: 2268467176535956889, guid: b1dbaf875e94e2a43b55d721b7d5c3cc,
        type: 3}
      propertyPath: m_LocalEulerAnglesHint.z
      value: 0
      objectReference: {fileID: 0}
    - target: {fileID: 2268467176535956889, guid: b1dbaf875e94e2a43b55d721b7d5c3cc,
        type: 3}
      propertyPath: m_LocalScale.x
      value: 1
      objectReference: {fileID: 0}
    - target: {fileID: 2268467176535956889, guid: b1dbaf875e94e2a43b55d721b7d5c3cc,
        type: 3}
      propertyPath: m_LocalScale.z
      value: 1
      objectReference: {fileID: 0}
    m_RemovedComponents: []
  m_SourcePrefab: {fileID: 100100000, guid: b1dbaf875e94e2a43b55d721b7d5c3cc, type: 3}
--- !u!4 &8202923467621585523 stripped
Transform:
  m_CorrespondingSourceObject: {fileID: 2268467176535956889, guid: b1dbaf875e94e2a43b55d721b7d5c3cc,
    type: 3}
  m_PrefabInstance: {fileID: 7975194952751894506}
  m_PrefabAsset: {fileID: 0}
--- !u!1001 &8279459222020549179
PrefabInstance:
  m_ObjectHideFlags: 0
  serializedVersion: 2
  m_Modification:
    m_TransformParent: {fileID: 8092455225868875984}
    m_Modifications:
    - target: {fileID: 2268467176535956888, guid: b1dbaf875e94e2a43b55d721b7d5c3cc,
        type: 3}
      propertyPath: m_Name
      value: Bomb (7)
      objectReference: {fileID: 0}
    - target: {fileID: 2268467176535956889, guid: b1dbaf875e94e2a43b55d721b7d5c3cc,
        type: 3}
      propertyPath: m_LocalPosition.x
      value: 0
      objectReference: {fileID: 0}
    - target: {fileID: 2268467176535956889, guid: b1dbaf875e94e2a43b55d721b7d5c3cc,
        type: 3}
      propertyPath: m_LocalPosition.y
      value: 0
      objectReference: {fileID: 0}
    - target: {fileID: 2268467176535956889, guid: b1dbaf875e94e2a43b55d721b7d5c3cc,
        type: 3}
      propertyPath: m_LocalPosition.z
      value: -15
      objectReference: {fileID: 0}
    - target: {fileID: 2268467176535956889, guid: b1dbaf875e94e2a43b55d721b7d5c3cc,
        type: 3}
      propertyPath: m_LocalRotation.x
      value: -0
      objectReference: {fileID: 0}
    - target: {fileID: 2268467176535956889, guid: b1dbaf875e94e2a43b55d721b7d5c3cc,
        type: 3}
      propertyPath: m_LocalRotation.y
      value: -0
      objectReference: {fileID: 0}
    - target: {fileID: 2268467176535956889, guid: b1dbaf875e94e2a43b55d721b7d5c3cc,
        type: 3}
      propertyPath: m_LocalRotation.z
      value: -0
      objectReference: {fileID: 0}
    - target: {fileID: 2268467176535956889, guid: b1dbaf875e94e2a43b55d721b7d5c3cc,
        type: 3}
      propertyPath: m_LocalRotation.w
      value: 1
      objectReference: {fileID: 0}
    - target: {fileID: 2268467176535956889, guid: b1dbaf875e94e2a43b55d721b7d5c3cc,
        type: 3}
      propertyPath: m_RootOrder
      value: 6
      objectReference: {fileID: 0}
    - target: {fileID: 2268467176535956889, guid: b1dbaf875e94e2a43b55d721b7d5c3cc,
        type: 3}
      propertyPath: m_LocalEulerAnglesHint.x
      value: 0
      objectReference: {fileID: 0}
    - target: {fileID: 2268467176535956889, guid: b1dbaf875e94e2a43b55d721b7d5c3cc,
        type: 3}
      propertyPath: m_LocalEulerAnglesHint.y
      value: 0
      objectReference: {fileID: 0}
    - target: {fileID: 2268467176535956889, guid: b1dbaf875e94e2a43b55d721b7d5c3cc,
        type: 3}
      propertyPath: m_LocalEulerAnglesHint.z
      value: 0
      objectReference: {fileID: 0}
    - target: {fileID: 2268467176535956889, guid: b1dbaf875e94e2a43b55d721b7d5c3cc,
        type: 3}
      propertyPath: m_LocalScale.x
      value: 1
      objectReference: {fileID: 0}
    - target: {fileID: 2268467176535956889, guid: b1dbaf875e94e2a43b55d721b7d5c3cc,
        type: 3}
      propertyPath: m_LocalScale.z
      value: 1
      objectReference: {fileID: 0}
    m_RemovedComponents: []
  m_SourcePrefab: {fileID: 100100000, guid: b1dbaf875e94e2a43b55d721b7d5c3cc, type: 3}
--- !u!4 &7898674565462816674 stripped
Transform:
  m_CorrespondingSourceObject: {fileID: 2268467176535956889, guid: b1dbaf875e94e2a43b55d721b7d5c3cc,
    type: 3}
  m_PrefabInstance: {fileID: 8279459222020549179}
  m_PrefabAsset: {fileID: 0}
--- !u!1001 &8310331691850136046
PrefabInstance:
  m_ObjectHideFlags: 0
  serializedVersion: 2
  m_Modification:
    m_TransformParent: {fileID: 8092455225868875984}
    m_Modifications:
    - target: {fileID: 2268467176535956888, guid: b1dbaf875e94e2a43b55d721b7d5c3cc,
        type: 3}
      propertyPath: m_Name
      value: Bomb (13)
      objectReference: {fileID: 0}
    - target: {fileID: 2268467176535956889, guid: b1dbaf875e94e2a43b55d721b7d5c3cc,
        type: 3}
      propertyPath: m_LocalPosition.x
      value: 8
      objectReference: {fileID: 0}
    - target: {fileID: 2268467176535956889, guid: b1dbaf875e94e2a43b55d721b7d5c3cc,
        type: 3}
      propertyPath: m_LocalPosition.y
      value: 0
      objectReference: {fileID: 0}
    - target: {fileID: 2268467176535956889, guid: b1dbaf875e94e2a43b55d721b7d5c3cc,
        type: 3}
      propertyPath: m_LocalPosition.z
      value: 15
      objectReference: {fileID: 0}
    - target: {fileID: 2268467176535956889, guid: b1dbaf875e94e2a43b55d721b7d5c3cc,
        type: 3}
      propertyPath: m_LocalRotation.x
      value: -0
      objectReference: {fileID: 0}
    - target: {fileID: 2268467176535956889, guid: b1dbaf875e94e2a43b55d721b7d5c3cc,
        type: 3}
      propertyPath: m_LocalRotation.y
      value: -0
      objectReference: {fileID: 0}
    - target: {fileID: 2268467176535956889, guid: b1dbaf875e94e2a43b55d721b7d5c3cc,
        type: 3}
      propertyPath: m_LocalRotation.z
      value: -0
      objectReference: {fileID: 0}
    - target: {fileID: 2268467176535956889, guid: b1dbaf875e94e2a43b55d721b7d5c3cc,
        type: 3}
      propertyPath: m_LocalRotation.w
      value: 1
      objectReference: {fileID: 0}
    - target: {fileID: 2268467176535956889, guid: b1dbaf875e94e2a43b55d721b7d5c3cc,
        type: 3}
      propertyPath: m_RootOrder
      value: 12
      objectReference: {fileID: 0}
    - target: {fileID: 2268467176535956889, guid: b1dbaf875e94e2a43b55d721b7d5c3cc,
        type: 3}
      propertyPath: m_LocalEulerAnglesHint.x
      value: 0
      objectReference: {fileID: 0}
    - target: {fileID: 2268467176535956889, guid: b1dbaf875e94e2a43b55d721b7d5c3cc,
        type: 3}
      propertyPath: m_LocalEulerAnglesHint.y
      value: 0
      objectReference: {fileID: 0}
    - target: {fileID: 2268467176535956889, guid: b1dbaf875e94e2a43b55d721b7d5c3cc,
        type: 3}
      propertyPath: m_LocalEulerAnglesHint.z
      value: 0
      objectReference: {fileID: 0}
    - target: {fileID: 2268467176535956889, guid: b1dbaf875e94e2a43b55d721b7d5c3cc,
        type: 3}
      propertyPath: m_LocalScale.x
      value: 1
      objectReference: {fileID: 0}
    - target: {fileID: 2268467176535956889, guid: b1dbaf875e94e2a43b55d721b7d5c3cc,
        type: 3}
      propertyPath: m_LocalScale.z
      value: 1
      objectReference: {fileID: 0}
    m_RemovedComponents: []
  m_SourcePrefab: {fileID: 100100000, guid: b1dbaf875e94e2a43b55d721b7d5c3cc, type: 3}
--- !u!4 &7795462966608585847 stripped
Transform:
  m_CorrespondingSourceObject: {fileID: 2268467176535956889, guid: b1dbaf875e94e2a43b55d721b7d5c3cc,
    type: 3}
  m_PrefabInstance: {fileID: 8310331691850136046}
  m_PrefabAsset: {fileID: 0}
