%YAML 1.1
%TAG !u! tag:unity3d.com,2011:
--- !u!1 &6668388590876156487
GameObject:
  m_ObjectHideFlags: 0
  m_CorrespondingSourceObject: {fileID: 0}
  m_PrefabInstance: {fileID: 0}
  m_PrefabAsset: {fileID: 0}
  serializedVersion: 6
  m_Component:
  - component: {fileID: 6668388590876156483}
  - component: {fileID: 6668388590876156482}
  - component: {fileID: 6668388590876156485}
  - component: {fileID: 6668388590876156484}
  - component: {fileID: 3681915532498904516}
  m_Layer: 5
  m_Name: TempUICont
  m_TagString: Untagged
  m_Icon: {fileID: 0}
  m_NavMeshLayer: 0
  m_StaticEditorFlags: 4294967295
  m_IsActive: 1
--- !u!224 &6668388590876156483
RectTransform:
  m_ObjectHideFlags: 0
  m_CorrespondingSourceObject: {fileID: 0}
  m_PrefabInstance: {fileID: 0}
  m_PrefabAsset: {fileID: 0}
  m_GameObject: {fileID: 6668388590876156487}
  m_LocalRotation: {x: 0, y: 0, z: 0, w: 1}
  m_LocalPosition: {x: 0, y: 0, z: 0}
  m_LocalScale: {x: 0, y: 0, z: 0}
  m_Children:
  - {fileID: 1377162974070101946}
  - {fileID: 8991272294904612132}
  m_Father: {fileID: 0}
  m_RootOrder: 0
  m_LocalEulerAnglesHint: {x: 0, y: 0, z: 0}
  m_AnchorMin: {x: 0, y: 0}
  m_AnchorMax: {x: 0, y: 0}
  m_AnchoredPosition: {x: 0, y: 0}
  m_SizeDelta: {x: 0, y: 0}
  m_Pivot: {x: 0, y: 0}
--- !u!223 &6668388590876156482
Canvas:
  m_ObjectHideFlags: 0
  m_CorrespondingSourceObject: {fileID: 0}
  m_PrefabInstance: {fileID: 0}
  m_PrefabAsset: {fileID: 0}
  m_GameObject: {fileID: 6668388590876156487}
  m_Enabled: 1
  serializedVersion: 3
  m_RenderMode: 0
  m_Camera: {fileID: 0}
  m_PlaneDistance: 100
  m_PixelPerfect: 0
  m_ReceivesEvents: 1
  m_OverrideSorting: 0
  m_OverridePixelPerfect: 0
  m_SortingBucketNormalizedSize: 0
  m_AdditionalShaderChannelsFlag: 25
  m_SortingLayerID: 0
  m_SortingOrder: 0
  m_TargetDisplay: 0
--- !u!114 &6668388590876156485
MonoBehaviour:
  m_ObjectHideFlags: 0
  m_CorrespondingSourceObject: {fileID: 0}
  m_PrefabInstance: {fileID: 0}
  m_PrefabAsset: {fileID: 0}
  m_GameObject: {fileID: 6668388590876156487}
  m_Enabled: 1
  m_EditorHideFlags: 0
  m_Script: {fileID: 11500000, guid: 0cd44c1031e13a943bb63640046fad76, type: 3}
  m_Name: 
  m_EditorClassIdentifier: 
  m_UiScaleMode: 1
  m_ReferencePixelsPerUnit: 100
  m_ScaleFactor: 1
  m_ReferenceResolution: {x: 1920, y: 1080}
  m_ScreenMatchMode: 0
  m_MatchWidthOrHeight: 0
  m_PhysicalUnit: 3
  m_FallbackScreenDPI: 96
  m_DefaultSpriteDPI: 96
  m_DynamicPixelsPerUnit: 1
--- !u!114 &6668388590876156484
MonoBehaviour:
  m_ObjectHideFlags: 0
  m_CorrespondingSourceObject: {fileID: 0}
  m_PrefabInstance: {fileID: 0}
  m_PrefabAsset: {fileID: 0}
  m_GameObject: {fileID: 6668388590876156487}
  m_Enabled: 1
  m_EditorHideFlags: 0
  m_Script: {fileID: 11500000, guid: dc42784cf147c0c48a680349fa168899, type: 3}
  m_Name: 
  m_EditorClassIdentifier: 
  m_IgnoreReversedGraphics: 1
  m_BlockingObjects: 0
  m_BlockingMask:
    serializedVersion: 2
    m_Bits: 4294967295
--- !u!114 &3681915532498904516
MonoBehaviour:
  m_ObjectHideFlags: 0
  m_CorrespondingSourceObject: {fileID: 0}
  m_PrefabInstance: {fileID: 0}
  m_PrefabAsset: {fileID: 0}
  m_GameObject: {fileID: 6668388590876156487}
  m_Enabled: 1
  m_EditorHideFlags: 0
  m_Script: {fileID: 11500000, guid: bb5ec77e340d19b4d8000019e2b0ff99, type: 3}
  m_Name: 
  m_EditorClassIdentifier: 
  IsGameStarted: 0
  EventGameStatus:
    m_PersistentCalls:
      m_Calls: []
  currentUi: {fileID: 0}
  IsSkipIntro: 1
--- !u!1001 &77150511180237789
PrefabInstance:
  m_ObjectHideFlags: 0
  serializedVersion: 2
  m_Modification:
    m_TransformParent: {fileID: 6668388590876156483}
    m_Modifications:
    - target: {fileID: 259885883693563379, guid: 25286e4b9aa08b942acd83916e8734d9,
        type: 3}
      propertyPath: m_AnchorMin.y
      value: 0
      objectReference: {fileID: 0}
    - target: {fileID: 259885883693563379, guid: 25286e4b9aa08b942acd83916e8734d9,
        type: 3}
      propertyPath: m_AnchorMax.y
      value: 0
      objectReference: {fileID: 0}
    - target: {fileID: 259885883693563379, guid: 25286e4b9aa08b942acd83916e8734d9,
        type: 3}
      propertyPath: m_AnchoredPosition.x
      value: 0
      objectReference: {fileID: 0}
    - target: {fileID: 259885883693563379, guid: 25286e4b9aa08b942acd83916e8734d9,
        type: 3}
      propertyPath: m_AnchoredPosition.y
      value: 0
      objectReference: {fileID: 0}
    - target: {fileID: 459079092467322789, guid: 25286e4b9aa08b942acd83916e8734d9,
        type: 3}
      propertyPath: m_AnchorMin.y
      value: 0
      objectReference: {fileID: 0}
    - target: {fileID: 459079092467322789, guid: 25286e4b9aa08b942acd83916e8734d9,
        type: 3}
      propertyPath: m_AnchorMax.y
      value: 0
      objectReference: {fileID: 0}
    - target: {fileID: 459079092467322789, guid: 25286e4b9aa08b942acd83916e8734d9,
        type: 3}
      propertyPath: m_AnchoredPosition.x
      value: 0
      objectReference: {fileID: 0}
    - target: {fileID: 459079092467322789, guid: 25286e4b9aa08b942acd83916e8734d9,
        type: 3}
      propertyPath: m_AnchoredPosition.y
      value: 0
      objectReference: {fileID: 0}
    - target: {fileID: 809432928147677823, guid: 25286e4b9aa08b942acd83916e8734d9,
        type: 3}
      propertyPath: settings._fillColor.r
      value: 0.97647065
      objectReference: {fileID: 0}
    - target: {fileID: 809432928147677823, guid: 25286e4b9aa08b942acd83916e8734d9,
        type: 3}
      propertyPath: settings._fillColor.g
      value: 0.70980394
      objectReference: {fileID: 0}
    - target: {fileID: 809432928147677823, guid: 25286e4b9aa08b942acd83916e8734d9,
        type: 3}
      propertyPath: settings._fillColor.b
      value: 0.043137256
      objectReference: {fileID: 0}
    - target: {fileID: 1301185796554333284, guid: 25286e4b9aa08b942acd83916e8734d9,
        type: 3}
      propertyPath: m_Name
      value: PageGame
      objectReference: {fileID: 0}
    - target: {fileID: 1301185796554333287, guid: 25286e4b9aa08b942acd83916e8734d9,
        type: 3}
      propertyPath: m_LocalPosition.x
      value: 0
      objectReference: {fileID: 0}
    - target: {fileID: 1301185796554333287, guid: 25286e4b9aa08b942acd83916e8734d9,
        type: 3}
      propertyPath: m_LocalPosition.y
      value: 0
      objectReference: {fileID: 0}
    - target: {fileID: 1301185796554333287, guid: 25286e4b9aa08b942acd83916e8734d9,
        type: 3}
      propertyPath: m_LocalPosition.z
      value: 0
      objectReference: {fileID: 0}
    - target: {fileID: 1301185796554333287, guid: 25286e4b9aa08b942acd83916e8734d9,
        type: 3}
      propertyPath: m_LocalRotation.x
      value: 0
      objectReference: {fileID: 0}
    - target: {fileID: 1301185796554333287, guid: 25286e4b9aa08b942acd83916e8734d9,
        type: 3}
      propertyPath: m_LocalRotation.y
      value: 0
      objectReference: {fileID: 0}
    - target: {fileID: 1301185796554333287, guid: 25286e4b9aa08b942acd83916e8734d9,
        type: 3}
      propertyPath: m_LocalRotation.z
      value: 0
      objectReference: {fileID: 0}
    - target: {fileID: 1301185796554333287, guid: 25286e4b9aa08b942acd83916e8734d9,
        type: 3}
      propertyPath: m_LocalRotation.w
      value: 1
      objectReference: {fileID: 0}
    - target: {fileID: 1301185796554333287, guid: 25286e4b9aa08b942acd83916e8734d9,
        type: 3}
      propertyPath: m_RootOrder
      value: 0
      objectReference: {fileID: 0}
    - target: {fileID: 1301185796554333287, guid: 25286e4b9aa08b942acd83916e8734d9,
        type: 3}
      propertyPath: m_LocalEulerAnglesHint.x
      value: 0
      objectReference: {fileID: 0}
    - target: {fileID: 1301185796554333287, guid: 25286e4b9aa08b942acd83916e8734d9,
        type: 3}
      propertyPath: m_LocalEulerAnglesHint.y
      value: 0
      objectReference: {fileID: 0}
    - target: {fileID: 1301185796554333287, guid: 25286e4b9aa08b942acd83916e8734d9,
        type: 3}
      propertyPath: m_LocalEulerAnglesHint.z
      value: 0
      objectReference: {fileID: 0}
    - target: {fileID: 1301185796554333287, guid: 25286e4b9aa08b942acd83916e8734d9,
        type: 3}
      propertyPath: m_AnchoredPosition.x
      value: 0
      objectReference: {fileID: 0}
    - target: {fileID: 1301185796554333287, guid: 25286e4b9aa08b942acd83916e8734d9,
        type: 3}
      propertyPath: m_AnchoredPosition.y
      value: 0
      objectReference: {fileID: 0}
    - target: {fileID: 1301185796554333287, guid: 25286e4b9aa08b942acd83916e8734d9,
        type: 3}
      propertyPath: m_SizeDelta.x
      value: 0
      objectReference: {fileID: 0}
    - target: {fileID: 1301185796554333287, guid: 25286e4b9aa08b942acd83916e8734d9,
        type: 3}
      propertyPath: m_SizeDelta.y
      value: 0
      objectReference: {fileID: 0}
    - target: {fileID: 1301185796554333287, guid: 25286e4b9aa08b942acd83916e8734d9,
        type: 3}
      propertyPath: m_AnchorMin.x
      value: 0
      objectReference: {fileID: 0}
    - target: {fileID: 1301185796554333287, guid: 25286e4b9aa08b942acd83916e8734d9,
        type: 3}
      propertyPath: m_AnchorMin.y
      value: 0
      objectReference: {fileID: 0}
    - target: {fileID: 1301185796554333287, guid: 25286e4b9aa08b942acd83916e8734d9,
        type: 3}
      propertyPath: m_AnchorMax.x
      value: 1
      objectReference: {fileID: 0}
    - target: {fileID: 1301185796554333287, guid: 25286e4b9aa08b942acd83916e8734d9,
        type: 3}
      propertyPath: m_AnchorMax.y
      value: 1
      objectReference: {fileID: 0}
    - target: {fileID: 1301185796554333287, guid: 25286e4b9aa08b942acd83916e8734d9,
        type: 3}
      propertyPath: m_Pivot.x
      value: 0.5
      objectReference: {fileID: 0}
    - target: {fileID: 1301185796554333287, guid: 25286e4b9aa08b942acd83916e8734d9,
        type: 3}
      propertyPath: m_Pivot.y
      value: 0.5
      objectReference: {fileID: 0}
    - target: {fileID: 1301185798348955878, guid: 25286e4b9aa08b942acd83916e8734d9,
        type: 3}
      propertyPath: m_IsActive
      value: 0
      objectReference: {fileID: 0}
    - target: {fileID: 1685210745903677907, guid: 25286e4b9aa08b942acd83916e8734d9,
        type: 3}
      propertyPath: m_textInfo.characterCount
      value: 4
      objectReference: {fileID: 0}
    - target: {fileID: 1685210745903677907, guid: 25286e4b9aa08b942acd83916e8734d9,
        type: 3}
      propertyPath: m_textInfo.spaceCount
      value: 1
      objectReference: {fileID: 0}
    - target: {fileID: 1685210745903677907, guid: 25286e4b9aa08b942acd83916e8734d9,
        type: 3}
      propertyPath: m_textInfo.wordCount
      value: 1
      objectReference: {fileID: 0}
    - target: {fileID: 1685210745903677907, guid: 25286e4b9aa08b942acd83916e8734d9,
        type: 3}
      propertyPath: m_textInfo.lineCount
      value: 1
      objectReference: {fileID: 0}
    - target: {fileID: 1685210745903677907, guid: 25286e4b9aa08b942acd83916e8734d9,
        type: 3}
      propertyPath: m_textInfo.pageCount
      value: 1
      objectReference: {fileID: 0}
    - target: {fileID: 2803270984043073989, guid: 25286e4b9aa08b942acd83916e8734d9,
        type: 3}
      propertyPath: m_textInfo.characterCount
      value: 7
      objectReference: {fileID: 0}
    - target: {fileID: 2803270984043073989, guid: 25286e4b9aa08b942acd83916e8734d9,
        type: 3}
      propertyPath: m_textInfo.spaceCount
      value: 1
      objectReference: {fileID: 0}
    - target: {fileID: 2803270984043073989, guid: 25286e4b9aa08b942acd83916e8734d9,
        type: 3}
      propertyPath: m_textInfo.wordCount
      value: 2
      objectReference: {fileID: 0}
    - target: {fileID: 2803270984043073989, guid: 25286e4b9aa08b942acd83916e8734d9,
        type: 3}
      propertyPath: m_textInfo.lineCount
      value: 1
      objectReference: {fileID: 0}
    - target: {fileID: 2803270984043073989, guid: 25286e4b9aa08b942acd83916e8734d9,
        type: 3}
      propertyPath: m_textInfo.pageCount
      value: 1
      objectReference: {fileID: 0}
    - target: {fileID: 3123921274336420032, guid: 25286e4b9aa08b942acd83916e8734d9,
        type: 3}
      propertyPath: m_Color.g
      value: 1
      objectReference: {fileID: 0}
    - target: {fileID: 3123921274336420032, guid: 25286e4b9aa08b942acd83916e8734d9,
        type: 3}
      propertyPath: m_Color.b
      value: 1
      objectReference: {fileID: 0}
    - target: {fileID: 3123921274336420032, guid: 25286e4b9aa08b942acd83916e8734d9,
        type: 3}
      propertyPath: m_Sprite
      value: 
      objectReference: {fileID: 21300000, guid: 856221f53c0929d4eaa0361a24174ba5,
        type: 3}
    - target: {fileID: 3457188216239124988, guid: 25286e4b9aa08b942acd83916e8734d9,
        type: 3}
      propertyPath: m_textInfo.characterCount
      value: 2
      objectReference: {fileID: 0}
    - target: {fileID: 3457188216239124988, guid: 25286e4b9aa08b942acd83916e8734d9,
        type: 3}
      propertyPath: m_textInfo.spaceCount
      value: 1
      objectReference: {fileID: 0}
    - target: {fileID: 3457188216239124988, guid: 25286e4b9aa08b942acd83916e8734d9,
        type: 3}
      propertyPath: m_textInfo.wordCount
      value: 1
      objectReference: {fileID: 0}
    - target: {fileID: 3457188216239124988, guid: 25286e4b9aa08b942acd83916e8734d9,
        type: 3}
      propertyPath: m_textInfo.lineCount
      value: 1
      objectReference: {fileID: 0}
    - target: {fileID: 3457188216239124988, guid: 25286e4b9aa08b942acd83916e8734d9,
        type: 3}
      propertyPath: m_textInfo.pageCount
      value: 1
      objectReference: {fileID: 0}
    - target: {fileID: 4160266052181457886, guid: 25286e4b9aa08b942acd83916e8734d9,
        type: 3}
      propertyPath: m_textInfo.characterCount
      value: 2
      objectReference: {fileID: 0}
    - target: {fileID: 4160266052181457886, guid: 25286e4b9aa08b942acd83916e8734d9,
        type: 3}
      propertyPath: m_textInfo.spaceCount
      value: 1
      objectReference: {fileID: 0}
    - target: {fileID: 4160266052181457886, guid: 25286e4b9aa08b942acd83916e8734d9,
        type: 3}
      propertyPath: m_textInfo.wordCount
      value: 1
      objectReference: {fileID: 0}
    - target: {fileID: 4160266052181457886, guid: 25286e4b9aa08b942acd83916e8734d9,
        type: 3}
      propertyPath: m_textInfo.lineCount
      value: 1
      objectReference: {fileID: 0}
    - target: {fileID: 4160266052181457886, guid: 25286e4b9aa08b942acd83916e8734d9,
        type: 3}
      propertyPath: m_textInfo.pageCount
      value: 1
      objectReference: {fileID: 0}
    - target: {fileID: 4236698481108136510, guid: 25286e4b9aa08b942acd83916e8734d9,
        type: 3}
      propertyPath: m_textInfo.characterCount
      value: 5
      objectReference: {fileID: 0}
    - target: {fileID: 4236698481108136510, guid: 25286e4b9aa08b942acd83916e8734d9,
        type: 3}
      propertyPath: m_textInfo.wordCount
      value: 1
      objectReference: {fileID: 0}
    - target: {fileID: 4236698481108136510, guid: 25286e4b9aa08b942acd83916e8734d9,
        type: 3}
      propertyPath: m_textInfo.lineCount
      value: 1
      objectReference: {fileID: 0}
    - target: {fileID: 4236698481108136510, guid: 25286e4b9aa08b942acd83916e8734d9,
        type: 3}
      propertyPath: m_textInfo.pageCount
      value: 1
      objectReference: {fileID: 0}
    - target: {fileID: 5585726716524400670, guid: 25286e4b9aa08b942acd83916e8734d9,
        type: 3}
      propertyPath: m_textInfo.characterCount
      value: 4
      objectReference: {fileID: 0}
    - target: {fileID: 5585726716524400670, guid: 25286e4b9aa08b942acd83916e8734d9,
        type: 3}
      propertyPath: m_textInfo.wordCount
      value: 1
      objectReference: {fileID: 0}
    - target: {fileID: 5585726716524400670, guid: 25286e4b9aa08b942acd83916e8734d9,
        type: 3}
      propertyPath: m_textInfo.lineCount
      value: 1
      objectReference: {fileID: 0}
    - target: {fileID: 5585726716524400670, guid: 25286e4b9aa08b942acd83916e8734d9,
        type: 3}
      propertyPath: m_textInfo.pageCount
      value: 1
      objectReference: {fileID: 0}
    - target: {fileID: 6019756588768388072, guid: 25286e4b9aa08b942acd83916e8734d9,
        type: 3}
      propertyPath: m_AnchorMin.y
      value: 0
      objectReference: {fileID: 0}
    - target: {fileID: 6019756588768388072, guid: 25286e4b9aa08b942acd83916e8734d9,
        type: 3}
      propertyPath: m_AnchorMax.y
      value: 0
      objectReference: {fileID: 0}
    - target: {fileID: 6019756588768388072, guid: 25286e4b9aa08b942acd83916e8734d9,
        type: 3}
      propertyPath: m_AnchoredPosition.x
      value: 0
      objectReference: {fileID: 0}
    - target: {fileID: 6019756588768388072, guid: 25286e4b9aa08b942acd83916e8734d9,
        type: 3}
      propertyPath: m_AnchoredPosition.y
      value: 0
      objectReference: {fileID: 0}
    - target: {fileID: 6306816760008614270, guid: 25286e4b9aa08b942acd83916e8734d9,
        type: 3}
      propertyPath: m_LocalScale.x
      value: 2
      objectReference: {fileID: 0}
    - target: {fileID: 6306816760008614270, guid: 25286e4b9aa08b942acd83916e8734d9,
        type: 3}
      propertyPath: m_LocalScale.y
      value: 2
      objectReference: {fileID: 0}
    - target: {fileID: 6306816760008614270, guid: 25286e4b9aa08b942acd83916e8734d9,
        type: 3}
      propertyPath: m_AnchoredPosition.x
      value: -110
      objectReference: {fileID: 0}
    - target: {fileID: 6414348579190014638, guid: 25286e4b9aa08b942acd83916e8734d9,
        type: 3}
      propertyPath: m_AnchoredPosition.x
      value: 600
      objectReference: {fileID: 0}
    - target: {fileID: 6868937675847839888, guid: 25286e4b9aa08b942acd83916e8734d9,
        type: 3}
      propertyPath: m_textInfo.characterCount
      value: 2
      objectReference: {fileID: 0}
    - target: {fileID: 6868937675847839888, guid: 25286e4b9aa08b942acd83916e8734d9,
        type: 3}
      propertyPath: m_textInfo.spaceCount
      value: 1
      objectReference: {fileID: 0}
    - target: {fileID: 6868937675847839888, guid: 25286e4b9aa08b942acd83916e8734d9,
        type: 3}
      propertyPath: m_textInfo.wordCount
      value: 1
      objectReference: {fileID: 0}
    - target: {fileID: 6868937675847839888, guid: 25286e4b9aa08b942acd83916e8734d9,
        type: 3}
      propertyPath: m_textInfo.lineCount
      value: 1
      objectReference: {fileID: 0}
    - target: {fileID: 6868937675847839888, guid: 25286e4b9aa08b942acd83916e8734d9,
        type: 3}
      propertyPath: m_textInfo.pageCount
      value: 1
      objectReference: {fileID: 0}
    - target: {fileID: 8082118437065396191, guid: 25286e4b9aa08b942acd83916e8734d9,
        type: 3}
      propertyPath: m_textInfo.characterCount
      value: 9
      objectReference: {fileID: 0}
    - target: {fileID: 8082118437065396191, guid: 25286e4b9aa08b942acd83916e8734d9,
        type: 3}
      propertyPath: m_textInfo.wordCount
      value: 1
      objectReference: {fileID: 0}
    - target: {fileID: 8082118437065396191, guid: 25286e4b9aa08b942acd83916e8734d9,
        type: 3}
      propertyPath: m_textInfo.lineCount
      value: 1
      objectReference: {fileID: 0}
    - target: {fileID: 8082118437065396191, guid: 25286e4b9aa08b942acd83916e8734d9,
        type: 3}
      propertyPath: m_textInfo.pageCount
      value: 1
      objectReference: {fileID: 0}
    - target: {fileID: 8184317573844133021, guid: 25286e4b9aa08b942acd83916e8734d9,
        type: 3}
      propertyPath: m_textInfo.characterCount
      value: 8
      objectReference: {fileID: 0}
    - target: {fileID: 8184317573844133021, guid: 25286e4b9aa08b942acd83916e8734d9,
        type: 3}
      propertyPath: m_textInfo.wordCount
      value: 1
      objectReference: {fileID: 0}
    - target: {fileID: 8184317573844133021, guid: 25286e4b9aa08b942acd83916e8734d9,
        type: 3}
      propertyPath: m_textInfo.lineCount
      value: 1
      objectReference: {fileID: 0}
    - target: {fileID: 8184317573844133021, guid: 25286e4b9aa08b942acd83916e8734d9,
        type: 3}
      propertyPath: m_textInfo.pageCount
      value: 1
      objectReference: {fileID: 0}
    m_RemovedComponents: []
  m_SourcePrefab: {fileID: 100100000, guid: 25286e4b9aa08b942acd83916e8734d9, type: 3}
--- !u!224 &1377162974070101946 stripped
RectTransform:
  m_CorrespondingSourceObject: {fileID: 1301185796554333287, guid: 25286e4b9aa08b942acd83916e8734d9,
    type: 3}
  m_PrefabInstance: {fileID: 77150511180237789}
  m_PrefabAsset: {fileID: 0}
--- !u!1001 &9218296581555298217
PrefabInstance:
  m_ObjectHideFlags: 0
  serializedVersion: 2
  m_Modification:
    m_TransformParent: {fileID: 6668388590876156483}
    m_Modifications:
    - target: {fileID: 228167791630670476, guid: b75189d820ddd5c4ea48ceea26cb0b99,
        type: 3}
      propertyPath: m_Name
      value: PageGameOver
      objectReference: {fileID: 0}
    - target: {fileID: 228167791630670477, guid: b75189d820ddd5c4ea48ceea26cb0b99,
        type: 3}
      propertyPath: m_LocalPosition.x
      value: 0
      objectReference: {fileID: 0}
    - target: {fileID: 228167791630670477, guid: b75189d820ddd5c4ea48ceea26cb0b99,
        type: 3}
      propertyPath: m_LocalPosition.y
      value: 0
      objectReference: {fileID: 0}
    - target: {fileID: 228167791630670477, guid: b75189d820ddd5c4ea48ceea26cb0b99,
        type: 3}
      propertyPath: m_LocalPosition.z
      value: 0
      objectReference: {fileID: 0}
    - target: {fileID: 228167791630670477, guid: b75189d820ddd5c4ea48ceea26cb0b99,
        type: 3}
      propertyPath: m_LocalRotation.x
      value: 0
      objectReference: {fileID: 0}
    - target: {fileID: 228167791630670477, guid: b75189d820ddd5c4ea48ceea26cb0b99,
        type: 3}
      propertyPath: m_LocalRotation.y
      value: 0
      objectReference: {fileID: 0}
    - target: {fileID: 228167791630670477, guid: b75189d820ddd5c4ea48ceea26cb0b99,
        type: 3}
      propertyPath: m_LocalRotation.z
      value: 0
      objectReference: {fileID: 0}
    - target: {fileID: 228167791630670477, guid: b75189d820ddd5c4ea48ceea26cb0b99,
        type: 3}
      propertyPath: m_LocalRotation.w
      value: 1
      objectReference: {fileID: 0}
    - target: {fileID: 228167791630670477, guid: b75189d820ddd5c4ea48ceea26cb0b99,
        type: 3}
      propertyPath: m_RootOrder
      value: 1
      objectReference: {fileID: 0}
    - target: {fileID: 228167791630670477, guid: b75189d820ddd5c4ea48ceea26cb0b99,
        type: 3}
      propertyPath: m_LocalEulerAnglesHint.x
      value: 0
      objectReference: {fileID: 0}
    - target: {fileID: 228167791630670477, guid: b75189d820ddd5c4ea48ceea26cb0b99,
        type: 3}
      propertyPath: m_LocalEulerAnglesHint.y
      value: 0
      objectReference: {fileID: 0}
    - target: {fileID: 228167791630670477, guid: b75189d820ddd5c4ea48ceea26cb0b99,
        type: 3}
      propertyPath: m_LocalEulerAnglesHint.z
      value: 0
      objectReference: {fileID: 0}
    - target: {fileID: 228167791630670477, guid: b75189d820ddd5c4ea48ceea26cb0b99,
        type: 3}
      propertyPath: m_AnchoredPosition.x
      value: 0
      objectReference: {fileID: 0}
    - target: {fileID: 228167791630670477, guid: b75189d820ddd5c4ea48ceea26cb0b99,
        type: 3}
      propertyPath: m_AnchoredPosition.y
      value: 0
      objectReference: {fileID: 0}
    - target: {fileID: 228167791630670477, guid: b75189d820ddd5c4ea48ceea26cb0b99,
        type: 3}
      propertyPath: m_SizeDelta.x
      value: 0
      objectReference: {fileID: 0}
    - target: {fileID: 228167791630670477, guid: b75189d820ddd5c4ea48ceea26cb0b99,
        type: 3}
      propertyPath: m_SizeDelta.y
      value: 0
      objectReference: {fileID: 0}
    - target: {fileID: 228167791630670477, guid: b75189d820ddd5c4ea48ceea26cb0b99,
        type: 3}
      propertyPath: m_AnchorMin.x
      value: 0
      objectReference: {fileID: 0}
    - target: {fileID: 228167791630670477, guid: b75189d820ddd5c4ea48ceea26cb0b99,
        type: 3}
      propertyPath: m_AnchorMin.y
      value: 0
      objectReference: {fileID: 0}
    - target: {fileID: 228167791630670477, guid: b75189d820ddd5c4ea48ceea26cb0b99,
        type: 3}
      propertyPath: m_AnchorMax.x
      value: 1
      objectReference: {fileID: 0}
    - target: {fileID: 228167791630670477, guid: b75189d820ddd5c4ea48ceea26cb0b99,
        type: 3}
      propertyPath: m_AnchorMax.y
      value: 1
      objectReference: {fileID: 0}
    - target: {fileID: 228167791630670477, guid: b75189d820ddd5c4ea48ceea26cb0b99,
        type: 3}
      propertyPath: m_Pivot.x
      value: 0.5
      objectReference: {fileID: 0}
    - target: {fileID: 228167791630670477, guid: b75189d820ddd5c4ea48ceea26cb0b99,
        type: 3}
      propertyPath: m_Pivot.y
      value: 0.5
      objectReference: {fileID: 0}
    - target: {fileID: 228167791723448168, guid: b75189d820ddd5c4ea48ceea26cb0b99,
        type: 3}
      propertyPath: m_textInfo.characterCount
      value: 16
      objectReference: {fileID: 0}
    - target: {fileID: 228167791723448168, guid: b75189d820ddd5c4ea48ceea26cb0b99,
        type: 3}
      propertyPath: m_textInfo.spaceCount
      value: 1
      objectReference: {fileID: 0}
    - target: {fileID: 228167791723448168, guid: b75189d820ddd5c4ea48ceea26cb0b99,
        type: 3}
      propertyPath: m_textInfo.wordCount
      value: 2
      objectReference: {fileID: 0}
    - target: {fileID: 228167791723448168, guid: b75189d820ddd5c4ea48ceea26cb0b99,
        type: 3}
      propertyPath: m_textInfo.lineCount
      value: 1
      objectReference: {fileID: 0}
    - target: {fileID: 228167791723448168, guid: b75189d820ddd5c4ea48ceea26cb0b99,
        type: 3}
      propertyPath: m_textInfo.pageCount
      value: 1
      objectReference: {fileID: 0}
    - target: {fileID: 629103449386492704, guid: b75189d820ddd5c4ea48ceea26cb0b99,
        type: 3}
      propertyPath: settings._fillColor.r
      value: 0.95294124
      objectReference: {fileID: 0}
    - target: {fileID: 629103449386492704, guid: b75189d820ddd5c4ea48ceea26cb0b99,
        type: 3}
      propertyPath: settings._fillColor.g
      value: 0.58431375
      objectReference: {fileID: 0}
    - target: {fileID: 629103449386492704, guid: b75189d820ddd5c4ea48ceea26cb0b99,
        type: 3}
      propertyPath: settings._fillColor.b
      value: 0
      objectReference: {fileID: 0}
    - target: {fileID: 2248416795807351372, guid: b75189d820ddd5c4ea48ceea26cb0b99,
        type: 3}
      propertyPath: m_textInfo.characterCount
      value: 5
      objectReference: {fileID: 0}
    - target: {fileID: 2248416795807351372, guid: b75189d820ddd5c4ea48ceea26cb0b99,
        type: 3}
      propertyPath: m_textInfo.spaceCount
      value: 1
      objectReference: {fileID: 0}
    - target: {fileID: 2248416795807351372, guid: b75189d820ddd5c4ea48ceea26cb0b99,
        type: 3}
      propertyPath: m_textInfo.wordCount
      value: 2
      objectReference: {fileID: 0}
    - target: {fileID: 2248416795807351372, guid: b75189d820ddd5c4ea48ceea26cb0b99,
        type: 3}
      propertyPath: m_textInfo.lineCount
      value: 1
      objectReference: {fileID: 0}
    - target: {fileID: 2248416795807351372, guid: b75189d820ddd5c4ea48ceea26cb0b99,
        type: 3}
      propertyPath: m_textInfo.pageCount
      value: 1
      objectReference: {fileID: 0}
    - target: {fileID: 2248416795807351372, guid: b75189d820ddd5c4ea48ceea26cb0b99,
        type: 3}
      propertyPath: m_fontColor32.rgba
      value: 4278228467
      objectReference: {fileID: 0}
    - target: {fileID: 2248416795807351372, guid: b75189d820ddd5c4ea48ceea26cb0b99,
        type: 3}
      propertyPath: m_fontColor.r
      value: 0.95294124
      objectReference: {fileID: 0}
    - target: {fileID: 2248416795807351372, guid: b75189d820ddd5c4ea48ceea26cb0b99,
        type: 3}
      propertyPath: m_fontColor.g
      value: 0.58431375
      objectReference: {fileID: 0}
    - target: {fileID: 2789799789331833720, guid: b75189d820ddd5c4ea48ceea26cb0b99,
        type: 3}
      propertyPath: m_Color.g
      value: 1
      objectReference: {fileID: 0}
    - target: {fileID: 2789799789331833720, guid: b75189d820ddd5c4ea48ceea26cb0b99,
        type: 3}
      propertyPath: m_Color.b
      value: 1
      objectReference: {fileID: 0}
    - target: {fileID: 2789799789331833720, guid: b75189d820ddd5c4ea48ceea26cb0b99,
        type: 3}
      propertyPath: m_Sprite
      value: 
      objectReference: {fileID: 21300000, guid: 856221f53c0929d4eaa0361a24174ba5,
        type: 3}
    - target: {fileID: 4128514872058819425, guid: b75189d820ddd5c4ea48ceea26cb0b99,
        type: 3}
      propertyPath: m_textInfo.characterCount
      value: 9
      objectReference: {fileID: 0}
    - target: {fileID: 4128514872058819425, guid: b75189d820ddd5c4ea48ceea26cb0b99,
        type: 3}
      propertyPath: m_textInfo.spaceCount
      value: 1
      objectReference: {fileID: 0}
    - target: {fileID: 4128514872058819425, guid: b75189d820ddd5c4ea48ceea26cb0b99,
        type: 3}
      propertyPath: m_textInfo.wordCount
      value: 2
      objectReference: {fileID: 0}
    - target: {fileID: 4128514872058819425, guid: b75189d820ddd5c4ea48ceea26cb0b99,
        type: 3}
      propertyPath: m_textInfo.lineCount
      value: 1
      objectReference: {fileID: 0}
    - target: {fileID: 4128514872058819425, guid: b75189d820ddd5c4ea48ceea26cb0b99,
        type: 3}
      propertyPath: m_textInfo.pageCount
      value: 1
      objectReference: {fileID: 0}
    - target: {fileID: 4962990042273858092, guid: b75189d820ddd5c4ea48ceea26cb0b99,
        type: 3}
      propertyPath: m_LocalScale.x
      value: 3
      objectReference: {fileID: 0}
    - target: {fileID: 4962990042273858092, guid: b75189d820ddd5c4ea48ceea26cb0b99,
        type: 3}
      propertyPath: m_LocalScale.y
      value: 3
      objectReference: {fileID: 0}
    - target: {fileID: 4962990042273858092, guid: b75189d820ddd5c4ea48ceea26cb0b99,
        type: 3}
      propertyPath: m_AnchoredPosition.x
      value: -180
      objectReference: {fileID: 0}
    - target: {fileID: 6414203505190543898, guid: b75189d820ddd5c4ea48ceea26cb0b99,
        type: 3}
      propertyPath: m_textInfo.characterCount
      value: 8
      objectReference: {fileID: 0}
    - target: {fileID: 6414203505190543898, guid: b75189d820ddd5c4ea48ceea26cb0b99,
        type: 3}
      propertyPath: m_textInfo.spaceCount
      value: 2
      objectReference: {fileID: 0}
    - target: {fileID: 6414203505190543898, guid: b75189d820ddd5c4ea48ceea26cb0b99,
        type: 3}
      propertyPath: m_textInfo.wordCount
      value: 2
      objectReference: {fileID: 0}
    - target: {fileID: 6414203505190543898, guid: b75189d820ddd5c4ea48ceea26cb0b99,
        type: 3}
      propertyPath: m_textInfo.lineCount
      value: 1
      objectReference: {fileID: 0}
    - target: {fileID: 6414203505190543898, guid: b75189d820ddd5c4ea48ceea26cb0b99,
        type: 3}
      propertyPath: m_textInfo.pageCount
      value: 1
      objectReference: {fileID: 0}
    - target: {fileID: 8018380986507252436, guid: b75189d820ddd5c4ea48ceea26cb0b99,
        type: 3}
      propertyPath: m_textInfo.characterCount
      value: 8
      objectReference: {fileID: 0}
    - target: {fileID: 8018380986507252436, guid: b75189d820ddd5c4ea48ceea26cb0b99,
        type: 3}
      propertyPath: m_textInfo.wordCount
      value: 1
      objectReference: {fileID: 0}
    - target: {fileID: 8018380986507252436, guid: b75189d820ddd5c4ea48ceea26cb0b99,
        type: 3}
      propertyPath: m_textInfo.lineCount
      value: 1
      objectReference: {fileID: 0}
    - target: {fileID: 8018380986507252436, guid: b75189d820ddd5c4ea48ceea26cb0b99,
        type: 3}
      propertyPath: m_textInfo.pageCount
      value: 1
      objectReference: {fileID: 0}
    m_RemovedComponents: []
  m_SourcePrefab: {fileID: 100100000, guid: b75189d820ddd5c4ea48ceea26cb0b99, type: 3}
--- !u!224 &8991272294904612132 stripped
RectTransform:
  m_CorrespondingSourceObject: {fileID: 228167791630670477, guid: b75189d820ddd5c4ea48ceea26cb0b99,
    type: 3}
  m_PrefabInstance: {fileID: 9218296581555298217}
  m_PrefabAsset: {fileID: 0}
