%YAML 1.1
%TAG !u! tag:unity3d.com,2011:
--- !u!1 &5875174855307194634
GameObject:
  m_ObjectHideFlags: 0
  m_CorrespondingSourceObject: {fileID: 0}
  m_PrefabInstance: {fileID: 0}
  m_PrefabAsset: {fileID: 0}
  serializedVersion: 6
  m_Component:
  - component: {fileID: 257424491101595508}
  - component: {fileID: -5092321519450894034}
  - component: {fileID: 3516523396417916274}
  - component: {fileID: 5972093049538521785}
  m_Layer: 0
  m_Name: 2.2
  m_TagString: WillDestroy
  m_Icon: {fileID: 0}
  m_NavMeshLayer: 0
  m_StaticEditorFlags: 0
  m_IsActive: 1
--- !u!4 &257424491101595508
Transform:
  m_ObjectHideFlags: 0
  m_CorrespondingSourceObject: {fileID: 0}
  m_PrefabInstance: {fileID: 0}
  m_PrefabAsset: {fileID: 0}
  m_GameObject: {fileID: 5875174855307194634}
  m_LocalRotation: {x: 0, y: 0, z: 0, w: 1}
  m_LocalPosition: {x: 0, y: 5, z: 20}
  m_LocalScale: {x: 1, y: 1, z: 1}
  m_Children:
  - {fileID: 4627327960791106974}
  - {fileID: 2082296719505294930}
  - {fileID: 6940153394136233202}
  - {fileID: 6076633251188199788}
  - {fileID: 3647485711219154560}
  - {fileID: 7241921078316598673}
  - {fileID: 4017967664970161939}
  - {fileID: 1976445941970289453}
  - {fileID: 1388591321213686543}
  m_Father: {fileID: 0}
  m_RootOrder: 0
  m_LocalEulerAnglesHint: {x: 0, y: 0, z: 0}
--- !u!65 &-5092321519450894034
BoxCollider:
  m_ObjectHideFlags: 0
  m_CorrespondingSourceObject: {fileID: 0}
  m_PrefabInstance: {fileID: 0}
  m_PrefabAsset: {fileID: 0}
  m_GameObject: {fileID: 5875174855307194634}
  m_Material: {fileID: 0}
  m_IsTrigger: 1
  m_Enabled: 1
  serializedVersion: 2
  m_Size: {x: 0.5, y: 10, z: 200}
  m_Center: {x: 0, y: 10, z: 40}
--- !u!54 &3516523396417916274
Rigidbody:
  m_ObjectHideFlags: 0
  m_CorrespondingSourceObject: {fileID: 0}
  m_PrefabInstance: {fileID: 0}
  m_PrefabAsset: {fileID: 0}
  m_GameObject: {fileID: 5875174855307194634}
  serializedVersion: 2
  m_Mass: 1
  m_Drag: 0
  m_AngularDrag: 0.05
  m_UseGravity: 0
  m_IsKinematic: 1
  m_Interpolate: 0
  m_Constraints: 0
  m_CollisionDetection: 0
--- !u!114 &5972093049538521785
MonoBehaviour:
  m_ObjectHideFlags: 0
  m_CorrespondingSourceObject: {fileID: 0}
  m_PrefabInstance: {fileID: 0}
  m_PrefabAsset: {fileID: 0}
  m_GameObject: {fileID: 5875174855307194634}
  m_Enabled: 1
  m_EditorHideFlags: 0
  m_Script: {fileID: 11500000, guid: 3a3840b7d0d6cfe429275e3041f1a1fa, type: 3}
  m_Name: 
  m_EditorClassIdentifier: 
  IsGameStarted: 0
  EventGameStatus:
    m_PersistentCalls:
      m_Calls: []
  IsStoreCollisions: 0
  IsStoreTriggers: 0
  IsListenTouchEvent: 0
  rb: {fileID: 0}
  EventCollision:
    m_PersistentCalls:
      m_Calls: []
  PrefabName: 
  IsInited: 0
--- !u!1001 &1883861565748066536
PrefabInstance:
  m_ObjectHideFlags: 0
  serializedVersion: 2
  m_Modification:
    m_TransformParent: {fileID: 257424491101595508}
    m_Modifications:
    - target: {fileID: 1033440492506627369, guid: 37534169406154e4ca42a100491e7722,
        type: 3}
      propertyPath: m_ConnectedAnchor.x
      value: -0.00000007916241
      objectReference: {fileID: 0}
    - target: {fileID: 1033440492506627369, guid: 37534169406154e4ca42a100491e7722,
        type: 3}
      propertyPath: m_ConnectedAnchor.y
      value: 0.08340823
      objectReference: {fileID: 0}
    - target: {fileID: 1033440492506627369, guid: 37534169406154e4ca42a100491e7722,
        type: 3}
      propertyPath: m_ConnectedAnchor.z
      value: -0.000000014901163
      objectReference: {fileID: 0}
    - target: {fileID: 1033440492702229238, guid: 37534169406154e4ca42a100491e7722,
        type: 3}
      propertyPath: m_ConnectedAnchor.x
      value: 0.0000000102154445
      objectReference: {fileID: 0}
    - target: {fileID: 1033440492702229238, guid: 37534169406154e4ca42a100491e7722,
        type: 3}
      propertyPath: m_ConnectedAnchor.y
      value: 0.041191194
      objectReference: {fileID: 0}
    - target: {fileID: 1033440492702229238, guid: 37534169406154e4ca42a100491e7722,
        type: 3}
      propertyPath: m_ConnectedAnchor.z
      value: -0.00000010407528
      objectReference: {fileID: 0}
    - target: {fileID: 1033440492958754807, guid: 37534169406154e4ca42a100491e7722,
        type: 3}
      propertyPath: m_ConnectedAnchor.x
      value: -0.00054254313
      objectReference: {fileID: 0}
    - target: {fileID: 1033440492958754807, guid: 37534169406154e4ca42a100491e7722,
        type: 3}
      propertyPath: m_ConnectedAnchor.y
      value: 0.13266896
      objectReference: {fileID: 0}
    - target: {fileID: 1033440492958754807, guid: 37534169406154e4ca42a100491e7722,
        type: 3}
      propertyPath: m_ConnectedAnchor.z
      value: -0.000314489
      objectReference: {fileID: 0}
    - target: {fileID: 1033440493142499281, guid: 37534169406154e4ca42a100491e7722,
        type: 3}
      propertyPath: m_ConnectedAnchor.x
      value: -0.000000049353954
      objectReference: {fileID: 0}
    - target: {fileID: 1033440493142499281, guid: 37534169406154e4ca42a100491e7722,
        type: 3}
      propertyPath: m_ConnectedAnchor.y
      value: 0.094158925
      objectReference: {fileID: 0}
    - target: {fileID: 1033440493142499281, guid: 37534169406154e4ca42a100491e7722,
        type: 3}
      propertyPath: m_ConnectedAnchor.z
      value: -0.0000000065192243
      objectReference: {fileID: 0}
    - target: {fileID: 1033440493180972497, guid: 37534169406154e4ca42a100491e7722,
        type: 3}
      propertyPath: m_ConnectedAnchor.x
      value: -0.052422144
      objectReference: {fileID: 0}
    - target: {fileID: 1033440493180972497, guid: 37534169406154e4ca42a100491e7722,
        type: 3}
      propertyPath: m_ConnectedAnchor.y
      value: 0.068112604
      objectReference: {fileID: 0}
    - target: {fileID: 1033440493180972497, guid: 37534169406154e4ca42a100491e7722,
        type: 3}
      propertyPath: m_ConnectedAnchor.z
      value: -0.010214636
      objectReference: {fileID: 0}
    - target: {fileID: 1033440493383173035, guid: 37534169406154e4ca42a100491e7722,
        type: 3}
      propertyPath: m_ConnectedAnchor.x
      value: 0.04337939
      objectReference: {fileID: 0}
    - target: {fileID: 1033440493383173035, guid: 37534169406154e4ca42a100491e7722,
        type: 3}
      propertyPath: m_ConnectedAnchor.y
      value: -0.019612275
      objectReference: {fileID: 0}
    - target: {fileID: 1033440493383173035, guid: 37534169406154e4ca42a100491e7722,
        type: 3}
      propertyPath: m_ConnectedAnchor.z
      value: -0.000547634
      objectReference: {fileID: 0}
    - target: {fileID: 1033440493459963331, guid: 37534169406154e4ca42a100491e7722,
        type: 3}
      propertyPath: m_ConnectedAnchor.x
      value: 0.051218826
      objectReference: {fileID: 0}
    - target: {fileID: 1033440493459963331, guid: 37534169406154e4ca42a100491e7722,
        type: 3}
      propertyPath: m_ConnectedAnchor.y
      value: 0.06729274
      objectReference: {fileID: 0}
    - target: {fileID: 1033440493459963331, guid: 37534169406154e4ca42a100491e7722,
        type: 3}
      propertyPath: m_ConnectedAnchor.z
      value: 0.012843089
      objectReference: {fileID: 0}
    - target: {fileID: 1033440493576328614, guid: 37534169406154e4ca42a100491e7722,
        type: 3}
      propertyPath: m_ConnectedAnchor.x
      value: -0.00000003179593
      objectReference: {fileID: 0}
    - target: {fileID: 1033440493576328614, guid: 37534169406154e4ca42a100491e7722,
        type: 3}
      propertyPath: m_ConnectedAnchor.y
      value: 0.083418086
      objectReference: {fileID: 0}
    - target: {fileID: 1033440493576328614, guid: 37534169406154e4ca42a100491e7722,
        type: 3}
      propertyPath: m_ConnectedAnchor.z
      value: -0.000000011175869
      objectReference: {fileID: 0}
    - target: {fileID: 1033440493637290138, guid: 37534169406154e4ca42a100491e7722,
        type: 3}
      propertyPath: m_ConnectedAnchor.x
      value: -0.043379355
      objectReference: {fileID: 0}
    - target: {fileID: 1033440493637290138, guid: 37534169406154e4ca42a100491e7722,
        type: 3}
      propertyPath: m_ConnectedAnchor.y
      value: -0.019612275
      objectReference: {fileID: 0}
    - target: {fileID: 1033440493637290138, guid: 37534169406154e4ca42a100491e7722,
        type: 3}
      propertyPath: m_ConnectedAnchor.z
      value: -0.00081918575
      objectReference: {fileID: 0}
    - target: {fileID: 1033440493709441144, guid: 37534169406154e4ca42a100491e7722,
        type: 3}
      propertyPath: m_ConnectedAnchor.x
      value: -0.00000004003965
      objectReference: {fileID: 0}
    - target: {fileID: 1033440493709441144, guid: 37534169406154e4ca42a100491e7722,
        type: 3}
      propertyPath: m_ConnectedAnchor.y
      value: 0.09415961
      objectReference: {fileID: 0}
    - target: {fileID: 1033440493709441144, guid: 37534169406154e4ca42a100491e7722,
        type: 3}
      propertyPath: m_ConnectedAnchor.z
      value: -0.00000003166494
      objectReference: {fileID: 0}
    - target: {fileID: 2934846060136982120, guid: 37534169406154e4ca42a100491e7722,
        type: 3}
      propertyPath: m_LocalPosition.x
      value: 8.1
      objectReference: {fileID: 0}
    - target: {fileID: 2934846060136982120, guid: 37534169406154e4ca42a100491e7722,
        type: 3}
      propertyPath: m_LocalPosition.y
      value: -2.5
      objectReference: {fileID: 0}
    - target: {fileID: 2934846060136982120, guid: 37534169406154e4ca42a100491e7722,
        type: 3}
      propertyPath: m_LocalPosition.z
      value: -18
      objectReference: {fileID: 0}
    - target: {fileID: 2934846060136982120, guid: 37534169406154e4ca42a100491e7722,
        type: 3}
      propertyPath: m_LocalRotation.x
      value: 0
      objectReference: {fileID: 0}
    - target: {fileID: 2934846060136982120, guid: 37534169406154e4ca42a100491e7722,
        type: 3}
      propertyPath: m_LocalRotation.y
      value: 1
      objectReference: {fileID: 0}
    - target: {fileID: 2934846060136982120, guid: 37534169406154e4ca42a100491e7722,
        type: 3}
      propertyPath: m_LocalRotation.z
      value: 0
      objectReference: {fileID: 0}
    - target: {fileID: 2934846060136982120, guid: 37534169406154e4ca42a100491e7722,
        type: 3}
      propertyPath: m_LocalRotation.w
      value: 0
      objectReference: {fileID: 0}
    - target: {fileID: 2934846060136982120, guid: 37534169406154e4ca42a100491e7722,
        type: 3}
      propertyPath: m_RootOrder
      value: 4
      objectReference: {fileID: 0}
    - target: {fileID: 2934846060136982120, guid: 37534169406154e4ca42a100491e7722,
        type: 3}
      propertyPath: m_LocalEulerAnglesHint.x
      value: 0
      objectReference: {fileID: 0}
    - target: {fileID: 2934846060136982120, guid: 37534169406154e4ca42a100491e7722,
        type: 3}
      propertyPath: m_LocalEulerAnglesHint.y
      value: 180
      objectReference: {fileID: 0}
    - target: {fileID: 2934846060136982120, guid: 37534169406154e4ca42a100491e7722,
        type: 3}
      propertyPath: m_LocalEulerAnglesHint.z
      value: 0
      objectReference: {fileID: 0}
    - target: {fileID: 3282563561134706224, guid: 37534169406154e4ca42a100491e7722,
        type: 3}
      propertyPath: m_Name
      value: Enemy (4)
      objectReference: {fileID: 0}
    - target: {fileID: 3282563561134706224, guid: 37534169406154e4ca42a100491e7722,
        type: 3}
      propertyPath: m_IsActive
      value: 1
      objectReference: {fileID: 0}
    m_RemovedComponents: []
  m_SourcePrefab: {fileID: 100100000, guid: 37534169406154e4ca42a100491e7722, type: 3}
--- !u!4 &3647485711219154560 stripped
Transform:
  m_CorrespondingSourceObject: {fileID: 2934846060136982120, guid: 37534169406154e4ca42a100491e7722,
    type: 3}
  m_PrefabInstance: {fileID: 1883861565748066536}
  m_PrefabAsset: {fileID: 0}
--- !u!1001 &2267591809979267451
PrefabInstance:
  m_ObjectHideFlags: 0
  serializedVersion: 2
  m_Modification:
    m_TransformParent: {fileID: 257424491101595508}
    m_Modifications:
    - target: {fileID: 1033440492506627369, guid: 37534169406154e4ca42a100491e7722,
        type: 3}
      propertyPath: m_ConnectedAnchor.x
      value: 0.00000016763805
      objectReference: {fileID: 0}
    - target: {fileID: 1033440492506627369, guid: 37534169406154e4ca42a100491e7722,
        type: 3}
      propertyPath: m_ConnectedAnchor.y
      value: 0.08340827
      objectReference: {fileID: 0}
    - target: {fileID: 1033440492506627369, guid: 37534169406154e4ca42a100491e7722,
        type: 3}
      propertyPath: m_ConnectedAnchor.z
      value: 0.000000033527616
      objectReference: {fileID: 0}
    - target: {fileID: 1033440492702229238, guid: 37534169406154e4ca42a100491e7722,
        type: 3}
      propertyPath: m_ConnectedAnchor.x
      value: 0.000000030675437
      objectReference: {fileID: 0}
    - target: {fileID: 1033440492702229238, guid: 37534169406154e4ca42a100491e7722,
        type: 3}
      propertyPath: m_ConnectedAnchor.y
      value: 0.04119119
      objectReference: {fileID: 0}
    - target: {fileID: 1033440492702229238, guid: 37534169406154e4ca42a100491e7722,
        type: 3}
      propertyPath: m_ConnectedAnchor.z
      value: 0.00000014551914
      objectReference: {fileID: 0}
    - target: {fileID: 1033440492958754807, guid: 37534169406154e4ca42a100491e7722,
        type: 3}
      propertyPath: m_ConnectedAnchor.x
      value: -0.00054254313
      objectReference: {fileID: 0}
    - target: {fileID: 1033440492958754807, guid: 37534169406154e4ca42a100491e7722,
        type: 3}
      propertyPath: m_ConnectedAnchor.y
      value: 0.13266896
      objectReference: {fileID: 0}
    - target: {fileID: 1033440492958754807, guid: 37534169406154e4ca42a100491e7722,
        type: 3}
      propertyPath: m_ConnectedAnchor.z
      value: -0.000314489
      objectReference: {fileID: 0}
    - target: {fileID: 1033440493142499281, guid: 37534169406154e4ca42a100491e7722,
        type: 3}
      propertyPath: m_ConnectedAnchor.x
      value: 0.0000001406122
      objectReference: {fileID: 0}
    - target: {fileID: 1033440493142499281, guid: 37534169406154e4ca42a100491e7722,
        type: 3}
      propertyPath: m_ConnectedAnchor.y
      value: 0.0941589
      objectReference: {fileID: 0}
    - target: {fileID: 1033440493142499281, guid: 37534169406154e4ca42a100491e7722,
        type: 3}
      propertyPath: m_ConnectedAnchor.z
      value: 0.00000015878967
      objectReference: {fileID: 0}
    - target: {fileID: 1033440493180972497, guid: 37534169406154e4ca42a100491e7722,
        type: 3}
      propertyPath: m_ConnectedAnchor.x
      value: -0.052422144
      objectReference: {fileID: 0}
    - target: {fileID: 1033440493180972497, guid: 37534169406154e4ca42a100491e7722,
        type: 3}
      propertyPath: m_ConnectedAnchor.y
      value: 0.068112604
      objectReference: {fileID: 0}
    - target: {fileID: 1033440493180972497, guid: 37534169406154e4ca42a100491e7722,
        type: 3}
      propertyPath: m_ConnectedAnchor.z
      value: -0.010214636
      objectReference: {fileID: 0}
    - target: {fileID: 1033440493383173035, guid: 37534169406154e4ca42a100491e7722,
        type: 3}
      propertyPath: m_ConnectedAnchor.x
      value: 0.043379575
      objectReference: {fileID: 0}
    - target: {fileID: 1033440493383173035, guid: 37534169406154e4ca42a100491e7722,
        type: 3}
      propertyPath: m_ConnectedAnchor.y
      value: -0.019612271
      objectReference: {fileID: 0}
    - target: {fileID: 1033440493383173035, guid: 37534169406154e4ca42a100491e7722,
        type: 3}
      propertyPath: m_ConnectedAnchor.z
      value: -0.00054781116
      objectReference: {fileID: 0}
    - target: {fileID: 1033440493459963331, guid: 37534169406154e4ca42a100491e7722,
        type: 3}
      propertyPath: m_ConnectedAnchor.x
      value: 0.051218953
      objectReference: {fileID: 0}
    - target: {fileID: 1033440493459963331, guid: 37534169406154e4ca42a100491e7722,
        type: 3}
      propertyPath: m_ConnectedAnchor.y
      value: 0.06729275
      objectReference: {fileID: 0}
    - target: {fileID: 1033440493459963331, guid: 37534169406154e4ca42a100491e7722,
        type: 3}
      propertyPath: m_ConnectedAnchor.z
      value: 0.012843316
      objectReference: {fileID: 0}
    - target: {fileID: 1033440493576328614, guid: 37534169406154e4ca42a100491e7722,
        type: 3}
      propertyPath: m_ConnectedAnchor.x
      value: 0.00000018633725
      objectReference: {fileID: 0}
    - target: {fileID: 1033440493576328614, guid: 37534169406154e4ca42a100491e7722,
        type: 3}
      propertyPath: m_ConnectedAnchor.y
      value: 0.08341802
      objectReference: {fileID: 0}
    - target: {fileID: 1033440493576328614, guid: 37534169406154e4ca42a100491e7722,
        type: 3}
      propertyPath: m_ConnectedAnchor.z
      value: 0.00000009685753
      objectReference: {fileID: 0}
    - target: {fileID: 1033440493637290138, guid: 37534169406154e4ca42a100491e7722,
        type: 3}
      propertyPath: m_ConnectedAnchor.x
      value: -0.04337949
      objectReference: {fileID: 0}
    - target: {fileID: 1033440493637290138, guid: 37534169406154e4ca42a100491e7722,
        type: 3}
      propertyPath: m_ConnectedAnchor.y
      value: -0.01961228
      objectReference: {fileID: 0}
    - target: {fileID: 1033440493637290138, guid: 37534169406154e4ca42a100491e7722,
        type: 3}
      propertyPath: m_ConnectedAnchor.z
      value: -0.0008189734
      objectReference: {fileID: 0}
    - target: {fileID: 1033440493709441144, guid: 37534169406154e4ca42a100491e7722,
        type: 3}
      propertyPath: m_ConnectedAnchor.x
      value: -0.00000004003965
      objectReference: {fileID: 0}
    - target: {fileID: 1033440493709441144, guid: 37534169406154e4ca42a100491e7722,
        type: 3}
      propertyPath: m_ConnectedAnchor.y
      value: 0.09415961
      objectReference: {fileID: 0}
    - target: {fileID: 1033440493709441144, guid: 37534169406154e4ca42a100491e7722,
        type: 3}
      propertyPath: m_ConnectedAnchor.z
      value: -0.00000003166494
      objectReference: {fileID: 0}
    - target: {fileID: 2934846060136982120, guid: 37534169406154e4ca42a100491e7722,
        type: 3}
      propertyPath: m_LocalPosition.x
      value: -8.49
      objectReference: {fileID: 0}
    - target: {fileID: 2934846060136982120, guid: 37534169406154e4ca42a100491e7722,
        type: 3}
      propertyPath: m_LocalPosition.y
      value: -2.5
      objectReference: {fileID: 0}
    - target: {fileID: 2934846060136982120, guid: 37534169406154e4ca42a100491e7722,
        type: 3}
      propertyPath: m_LocalPosition.z
      value: 24.25
      objectReference: {fileID: 0}
    - target: {fileID: 2934846060136982120, guid: 37534169406154e4ca42a100491e7722,
        type: 3}
      propertyPath: m_LocalRotation.x
      value: 0
      objectReference: {fileID: 0}
    - target: {fileID: 2934846060136982120, guid: 37534169406154e4ca42a100491e7722,
        type: 3}
      propertyPath: m_LocalRotation.y
      value: 1
      objectReference: {fileID: 0}
    - target: {fileID: 2934846060136982120, guid: 37534169406154e4ca42a100491e7722,
        type: 3}
      propertyPath: m_LocalRotation.z
      value: 0
      objectReference: {fileID: 0}
    - target: {fileID: 2934846060136982120, guid: 37534169406154e4ca42a100491e7722,
        type: 3}
      propertyPath: m_LocalRotation.w
      value: 0
      objectReference: {fileID: 0}
    - target: {fileID: 2934846060136982120, guid: 37534169406154e4ca42a100491e7722,
        type: 3}
      propertyPath: m_RootOrder
      value: 6
      objectReference: {fileID: 0}
    - target: {fileID: 2934846060136982120, guid: 37534169406154e4ca42a100491e7722,
        type: 3}
      propertyPath: m_LocalEulerAnglesHint.x
      value: 0
      objectReference: {fileID: 0}
    - target: {fileID: 2934846060136982120, guid: 37534169406154e4ca42a100491e7722,
        type: 3}
      propertyPath: m_LocalEulerAnglesHint.y
      value: 180
      objectReference: {fileID: 0}
    - target: {fileID: 2934846060136982120, guid: 37534169406154e4ca42a100491e7722,
        type: 3}
      propertyPath: m_LocalEulerAnglesHint.z
      value: 0
      objectReference: {fileID: 0}
    - target: {fileID: 3282563561134706224, guid: 37534169406154e4ca42a100491e7722,
        type: 3}
      propertyPath: m_Name
      value: Enemy (5)
      objectReference: {fileID: 0}
    - target: {fileID: 3282563561134706224, guid: 37534169406154e4ca42a100491e7722,
        type: 3}
      propertyPath: m_IsActive
      value: 1
      objectReference: {fileID: 0}
    m_RemovedComponents: []
  m_SourcePrefab: {fileID: 100100000, guid: 37534169406154e4ca42a100491e7722, type: 3}
--- !u!4 &4017967664970161939 stripped
Transform:
  m_CorrespondingSourceObject: {fileID: 2934846060136982120, guid: 37534169406154e4ca42a100491e7722,
    type: 3}
  m_PrefabInstance: {fileID: 2267591809979267451}
  m_PrefabAsset: {fileID: 0}
--- !u!1001 &3735478527404647749
PrefabInstance:
  m_ObjectHideFlags: 0
  serializedVersion: 2
  m_Modification:
    m_TransformParent: {fileID: 257424491101595508}
    m_Modifications:
    - target: {fileID: 1033440492506627369, guid: 37534169406154e4ca42a100491e7722,
        type: 3}
      propertyPath: m_ConnectedAnchor.x
      value: -0.0000001369044
      objectReference: {fileID: 0}
    - target: {fileID: 1033440492506627369, guid: 37534169406154e4ca42a100491e7722,
        type: 3}
      propertyPath: m_ConnectedAnchor.y
      value: 0.083408214
      objectReference: {fileID: 0}
    - target: {fileID: 1033440492506627369, guid: 37534169406154e4ca42a100491e7722,
        type: 3}
      propertyPath: m_ConnectedAnchor.z
      value: -0.000000026077036
      objectReference: {fileID: 0}
    - target: {fileID: 1033440492702229238, guid: 37534169406154e4ca42a100491e7722,
        type: 3}
      propertyPath: m_ConnectedAnchor.x
      value: 0.000000015395926
      objectReference: {fileID: 0}
    - target: {fileID: 1033440492702229238, guid: 37534169406154e4ca42a100491e7722,
        type: 3}
      propertyPath: m_ConnectedAnchor.y
      value: 0.041191194
      objectReference: {fileID: 0}
    - target: {fileID: 1033440492702229238, guid: 37534169406154e4ca42a100491e7722,
        type: 3}
      propertyPath: m_ConnectedAnchor.z
      value: -0.00000004097819
      objectReference: {fileID: 0}
    - target: {fileID: 1033440492958754807, guid: 37534169406154e4ca42a100491e7722,
        type: 3}
      propertyPath: m_ConnectedAnchor.x
      value: -0.0005425883
      objectReference: {fileID: 0}
    - target: {fileID: 1033440492958754807, guid: 37534169406154e4ca42a100491e7722,
        type: 3}
      propertyPath: m_ConnectedAnchor.y
      value: 0.13266896
      objectReference: {fileID: 0}
    - target: {fileID: 1033440492958754807, guid: 37534169406154e4ca42a100491e7722,
        type: 3}
      propertyPath: m_ConnectedAnchor.z
      value: -0.00031441264
      objectReference: {fileID: 0}
    - target: {fileID: 1033440493142499281, guid: 37534169406154e4ca42a100491e7722,
        type: 3}
      propertyPath: m_ConnectedAnchor.x
      value: 0.00000000279362
      objectReference: {fileID: 0}
    - target: {fileID: 1033440493142499281, guid: 37534169406154e4ca42a100491e7722,
        type: 3}
      propertyPath: m_ConnectedAnchor.y
      value: 0.09415891
      objectReference: {fileID: 0}
    - target: {fileID: 1033440493142499281, guid: 37534169406154e4ca42a100491e7722,
        type: 3}
      propertyPath: m_ConnectedAnchor.z
      value: 0.000000036321392
      objectReference: {fileID: 0}
    - target: {fileID: 1033440493180972497, guid: 37534169406154e4ca42a100491e7722,
        type: 3}
      propertyPath: m_ConnectedAnchor.x
      value: -0.052422248
      objectReference: {fileID: 0}
    - target: {fileID: 1033440493180972497, guid: 37534169406154e4ca42a100491e7722,
        type: 3}
      propertyPath: m_ConnectedAnchor.y
      value: 0.0681126
      objectReference: {fileID: 0}
    - target: {fileID: 1033440493180972497, guid: 37534169406154e4ca42a100491e7722,
        type: 3}
      propertyPath: m_ConnectedAnchor.z
      value: -0.010214802
      objectReference: {fileID: 0}
    - target: {fileID: 1033440493383173035, guid: 37534169406154e4ca42a100491e7722,
        type: 3}
      propertyPath: m_ConnectedAnchor.x
      value: 0.043379355
      objectReference: {fileID: 0}
    - target: {fileID: 1033440493383173035, guid: 37534169406154e4ca42a100491e7722,
        type: 3}
      propertyPath: m_ConnectedAnchor.y
      value: -0.019612277
      objectReference: {fileID: 0}
    - target: {fileID: 1033440493383173035, guid: 37534169406154e4ca42a100491e7722,
        type: 3}
      propertyPath: m_ConnectedAnchor.z
      value: -0.0005475804
      objectReference: {fileID: 0}
    - target: {fileID: 1033440493459963331, guid: 37534169406154e4ca42a100491e7722,
        type: 3}
      propertyPath: m_ConnectedAnchor.x
      value: 0.051218845
      objectReference: {fileID: 0}
    - target: {fileID: 1033440493459963331, guid: 37534169406154e4ca42a100491e7722,
        type: 3}
      propertyPath: m_ConnectedAnchor.y
      value: 0.06729274
      objectReference: {fileID: 0}
    - target: {fileID: 1033440493459963331, guid: 37534169406154e4ca42a100491e7722,
        type: 3}
      propertyPath: m_ConnectedAnchor.z
      value: 0.01284315
      objectReference: {fileID: 0}
    - target: {fileID: 1033440493576328614, guid: 37534169406154e4ca42a100491e7722,
        type: 3}
      propertyPath: m_ConnectedAnchor.x
      value: 0.000000022395394
      objectReference: {fileID: 0}
    - target: {fileID: 1033440493576328614, guid: 37534169406154e4ca42a100491e7722,
        type: 3}
      propertyPath: m_ConnectedAnchor.y
      value: 0.083418064
      objectReference: {fileID: 0}
    - target: {fileID: 1033440493576328614, guid: 37534169406154e4ca42a100491e7722,
        type: 3}
      propertyPath: m_ConnectedAnchor.z
      value: 0.0000000074505797
      objectReference: {fileID: 0}
    - target: {fileID: 1033440493637290138, guid: 37534169406154e4ca42a100491e7722,
        type: 3}
      propertyPath: m_ConnectedAnchor.x
      value: -0.04337939
      objectReference: {fileID: 0}
    - target: {fileID: 1033440493637290138, guid: 37534169406154e4ca42a100491e7722,
        type: 3}
      propertyPath: m_ConnectedAnchor.y
      value: -0.019612277
      objectReference: {fileID: 0}
    - target: {fileID: 1033440493637290138, guid: 37534169406154e4ca42a100491e7722,
        type: 3}
      propertyPath: m_ConnectedAnchor.z
      value: -0.00081913243
      objectReference: {fileID: 0}
    - target: {fileID: 1033440493709441144, guid: 37534169406154e4ca42a100491e7722,
        type: 3}
      propertyPath: m_ConnectedAnchor.x
      value: 0.000000035383877
      objectReference: {fileID: 0}
    - target: {fileID: 1033440493709441144, guid: 37534169406154e4ca42a100491e7722,
        type: 3}
      propertyPath: m_ConnectedAnchor.y
      value: 0.09415962
      objectReference: {fileID: 0}
    - target: {fileID: 1033440493709441144, guid: 37534169406154e4ca42a100491e7722,
        type: 3}
      propertyPath: m_ConnectedAnchor.z
      value: 0.0000000018626435
      objectReference: {fileID: 0}
    - target: {fileID: 2934846060136982120, guid: 37534169406154e4ca42a100491e7722,
        type: 3}
      propertyPath: m_LocalPosition.x
      value: -4.42
      objectReference: {fileID: 0}
    - target: {fileID: 2934846060136982120, guid: 37534169406154e4ca42a100491e7722,
        type: 3}
      propertyPath: m_LocalPosition.y
      value: -2.5
      objectReference: {fileID: 0}
    - target: {fileID: 2934846060136982120, guid: 37534169406154e4ca42a100491e7722,
        type: 3}
      propertyPath: m_LocalPosition.z
      value: 15.129999
      objectReference: {fileID: 0}
    - target: {fileID: 2934846060136982120, guid: 37534169406154e4ca42a100491e7722,
        type: 3}
      propertyPath: m_LocalRotation.x
      value: 0
      objectReference: {fileID: 0}
    - target: {fileID: 2934846060136982120, guid: 37534169406154e4ca42a100491e7722,
        type: 3}
      propertyPath: m_LocalRotation.y
      value: 1
      objectReference: {fileID: 0}
    - target: {fileID: 2934846060136982120, guid: 37534169406154e4ca42a100491e7722,
        type: 3}
      propertyPath: m_LocalRotation.z
      value: 0
      objectReference: {fileID: 0}
    - target: {fileID: 2934846060136982120, guid: 37534169406154e4ca42a100491e7722,
        type: 3}
      propertyPath: m_LocalRotation.w
      value: 0
      objectReference: {fileID: 0}
    - target: {fileID: 2934846060136982120, guid: 37534169406154e4ca42a100491e7722,
        type: 3}
      propertyPath: m_RootOrder
      value: 7
      objectReference: {fileID: 0}
    - target: {fileID: 2934846060136982120, guid: 37534169406154e4ca42a100491e7722,
        type: 3}
      propertyPath: m_LocalEulerAnglesHint.x
      value: 0
      objectReference: {fileID: 0}
    - target: {fileID: 2934846060136982120, guid: 37534169406154e4ca42a100491e7722,
        type: 3}
      propertyPath: m_LocalEulerAnglesHint.y
      value: 180
      objectReference: {fileID: 0}
    - target: {fileID: 2934846060136982120, guid: 37534169406154e4ca42a100491e7722,
        type: 3}
      propertyPath: m_LocalEulerAnglesHint.z
      value: 0
      objectReference: {fileID: 0}
    - target: {fileID: 3282563561134706224, guid: 37534169406154e4ca42a100491e7722,
        type: 3}
      propertyPath: m_Name
      value: Enemy (6)
      objectReference: {fileID: 0}
    - target: {fileID: 3282563561134706224, guid: 37534169406154e4ca42a100491e7722,
        type: 3}
      propertyPath: m_IsActive
      value: 1
      objectReference: {fileID: 0}
    m_RemovedComponents: []
  m_SourcePrefab: {fileID: 100100000, guid: 37534169406154e4ca42a100491e7722, type: 3}
--- !u!4 &1976445941970289453 stripped
Transform:
  m_CorrespondingSourceObject: {fileID: 2934846060136982120, guid: 37534169406154e4ca42a100491e7722,
    type: 3}
  m_PrefabInstance: {fileID: 3735478527404647749}
  m_PrefabAsset: {fileID: 0}
--- !u!1001 &3773848418417926202
PrefabInstance:
  m_ObjectHideFlags: 0
  serializedVersion: 2
  m_Modification:
    m_TransformParent: {fileID: 257424491101595508}
    m_Modifications:
    - target: {fileID: 1033440492506627369, guid: 37534169406154e4ca42a100491e7722,
        type: 3}
      propertyPath: m_ConnectedAnchor.x
      value: 0.00000016763805
      objectReference: {fileID: 0}
    - target: {fileID: 1033440492506627369, guid: 37534169406154e4ca42a100491e7722,
        type: 3}
      propertyPath: m_ConnectedAnchor.y
      value: 0.08340827
      objectReference: {fileID: 0}
    - target: {fileID: 1033440492506627369, guid: 37534169406154e4ca42a100491e7722,
        type: 3}
      propertyPath: m_ConnectedAnchor.z
      value: 0.000000033527616
      objectReference: {fileID: 0}
    - target: {fileID: 1033440492702229238, guid: 37534169406154e4ca42a100491e7722,
        type: 3}
      propertyPath: m_ConnectedAnchor.x
      value: 0.000000030675437
      objectReference: {fileID: 0}
    - target: {fileID: 1033440492702229238, guid: 37534169406154e4ca42a100491e7722,
        type: 3}
      propertyPath: m_ConnectedAnchor.y
      value: 0.04119119
      objectReference: {fileID: 0}
    - target: {fileID: 1033440492702229238, guid: 37534169406154e4ca42a100491e7722,
        type: 3}
      propertyPath: m_ConnectedAnchor.z
      value: 0.00000014551914
      objectReference: {fileID: 0}
    - target: {fileID: 1033440492958754807, guid: 37534169406154e4ca42a100491e7722,
        type: 3}
      propertyPath: m_ConnectedAnchor.x
      value: -0.00054260367
      objectReference: {fileID: 0}
    - target: {fileID: 1033440492958754807, guid: 37534169406154e4ca42a100491e7722,
        type: 3}
      propertyPath: m_ConnectedAnchor.y
      value: 0.13266896
      objectReference: {fileID: 0}
    - target: {fileID: 1033440492958754807, guid: 37534169406154e4ca42a100491e7722,
        type: 3}
      propertyPath: m_ConnectedAnchor.z
      value: -0.00031447317
      objectReference: {fileID: 0}
    - target: {fileID: 1033440493142499281, guid: 37534169406154e4ca42a100491e7722,
        type: 3}
      propertyPath: m_ConnectedAnchor.x
      value: 0.0000001406122
      objectReference: {fileID: 0}
    - target: {fileID: 1033440493142499281, guid: 37534169406154e4ca42a100491e7722,
        type: 3}
      propertyPath: m_ConnectedAnchor.y
      value: 0.0941589
      objectReference: {fileID: 0}
    - target: {fileID: 1033440493142499281, guid: 37534169406154e4ca42a100491e7722,
        type: 3}
      propertyPath: m_ConnectedAnchor.z
      value: 0.00000015878967
      objectReference: {fileID: 0}
    - target: {fileID: 1033440493180972497, guid: 37534169406154e4ca42a100491e7722,
        type: 3}
      propertyPath: m_ConnectedAnchor.x
      value: -0.052422203
      objectReference: {fileID: 0}
    - target: {fileID: 1033440493180972497, guid: 37534169406154e4ca42a100491e7722,
        type: 3}
      propertyPath: m_ConnectedAnchor.y
      value: 0.068112604
      objectReference: {fileID: 0}
    - target: {fileID: 1033440493180972497, guid: 37534169406154e4ca42a100491e7722,
        type: 3}
      propertyPath: m_ConnectedAnchor.z
      value: -0.010214621
      objectReference: {fileID: 0}
    - target: {fileID: 1033440493383173035, guid: 37534169406154e4ca42a100491e7722,
        type: 3}
      propertyPath: m_ConnectedAnchor.x
      value: 0.043379523
      objectReference: {fileID: 0}
    - target: {fileID: 1033440493383173035, guid: 37534169406154e4ca42a100491e7722,
        type: 3}
      propertyPath: m_ConnectedAnchor.y
      value: -0.019612271
      objectReference: {fileID: 0}
    - target: {fileID: 1033440493383173035, guid: 37534169406154e4ca42a100491e7722,
        type: 3}
      propertyPath: m_ConnectedAnchor.z
      value: -0.00054784655
      objectReference: {fileID: 0}
    - target: {fileID: 1033440493459963331, guid: 37534169406154e4ca42a100491e7722,
        type: 3}
      propertyPath: m_ConnectedAnchor.x
      value: 0.051218893
      objectReference: {fileID: 0}
    - target: {fileID: 1033440493459963331, guid: 37534169406154e4ca42a100491e7722,
        type: 3}
      propertyPath: m_ConnectedAnchor.y
      value: 0.06729275
      objectReference: {fileID: 0}
    - target: {fileID: 1033440493459963331, guid: 37534169406154e4ca42a100491e7722,
        type: 3}
      propertyPath: m_ConnectedAnchor.z
      value: 0.012843333
      objectReference: {fileID: 0}
    - target: {fileID: 1033440493576328614, guid: 37534169406154e4ca42a100491e7722,
        type: 3}
      propertyPath: m_ConnectedAnchor.x
      value: 0.00000018633725
      objectReference: {fileID: 0}
    - target: {fileID: 1033440493576328614, guid: 37534169406154e4ca42a100491e7722,
        type: 3}
      propertyPath: m_ConnectedAnchor.y
      value: 0.08341802
      objectReference: {fileID: 0}
    - target: {fileID: 1033440493576328614, guid: 37534169406154e4ca42a100491e7722,
        type: 3}
      propertyPath: m_ConnectedAnchor.z
      value: 0.00000009685753
      objectReference: {fileID: 0}
    - target: {fileID: 1033440493637290138, guid: 37534169406154e4ca42a100491e7722,
        type: 3}
      propertyPath: m_ConnectedAnchor.x
      value: -0.04337949
      objectReference: {fileID: 0}
    - target: {fileID: 1033440493637290138, guid: 37534169406154e4ca42a100491e7722,
        type: 3}
      propertyPath: m_ConnectedAnchor.y
      value: -0.01961228
      objectReference: {fileID: 0}
    - target: {fileID: 1033440493637290138, guid: 37534169406154e4ca42a100491e7722,
        type: 3}
      propertyPath: m_ConnectedAnchor.z
      value: -0.0008189734
      objectReference: {fileID: 0}
    - target: {fileID: 1033440493709441144, guid: 37534169406154e4ca42a100491e7722,
        type: 3}
      propertyPath: m_ConnectedAnchor.x
      value: 0.000000014898475
      objectReference: {fileID: 0}
    - target: {fileID: 1033440493709441144, guid: 37534169406154e4ca42a100491e7722,
        type: 3}
      propertyPath: m_ConnectedAnchor.y
      value: 0.09415962
      objectReference: {fileID: 0}
    - target: {fileID: 1033440493709441144, guid: 37534169406154e4ca42a100491e7722,
        type: 3}
      propertyPath: m_ConnectedAnchor.z
      value: -0.000000050291373
      objectReference: {fileID: 0}
    - target: {fileID: 2934846060136982120, guid: 37534169406154e4ca42a100491e7722,
        type: 3}
      propertyPath: m_LocalPosition.x
      value: 5.2800007
      objectReference: {fileID: 0}
    - target: {fileID: 2934846060136982120, guid: 37534169406154e4ca42a100491e7722,
        type: 3}
      propertyPath: m_LocalPosition.y
      value: -2.5
      objectReference: {fileID: 0}
    - target: {fileID: 2934846060136982120, guid: 37534169406154e4ca42a100491e7722,
        type: 3}
      propertyPath: m_LocalPosition.z
      value: -26.560001
      objectReference: {fileID: 0}
    - target: {fileID: 2934846060136982120, guid: 37534169406154e4ca42a100491e7722,
        type: 3}
      propertyPath: m_LocalRotation.x
      value: 0
      objectReference: {fileID: 0}
    - target: {fileID: 2934846060136982120, guid: 37534169406154e4ca42a100491e7722,
        type: 3}
      propertyPath: m_LocalRotation.y
      value: 1
      objectReference: {fileID: 0}
    - target: {fileID: 2934846060136982120, guid: 37534169406154e4ca42a100491e7722,
        type: 3}
      propertyPath: m_LocalRotation.z
      value: 0
      objectReference: {fileID: 0}
    - target: {fileID: 2934846060136982120, guid: 37534169406154e4ca42a100491e7722,
        type: 3}
      propertyPath: m_LocalRotation.w
      value: 0
      objectReference: {fileID: 0}
    - target: {fileID: 2934846060136982120, guid: 37534169406154e4ca42a100491e7722,
        type: 3}
      propertyPath: m_RootOrder
      value: 1
      objectReference: {fileID: 0}
    - target: {fileID: 2934846060136982120, guid: 37534169406154e4ca42a100491e7722,
        type: 3}
      propertyPath: m_LocalEulerAnglesHint.x
      value: 0
      objectReference: {fileID: 0}
    - target: {fileID: 2934846060136982120, guid: 37534169406154e4ca42a100491e7722,
        type: 3}
      propertyPath: m_LocalEulerAnglesHint.y
      value: 180
      objectReference: {fileID: 0}
    - target: {fileID: 2934846060136982120, guid: 37534169406154e4ca42a100491e7722,
        type: 3}
      propertyPath: m_LocalEulerAnglesHint.z
      value: 0
      objectReference: {fileID: 0}
    - target: {fileID: 3282563561134706224, guid: 37534169406154e4ca42a100491e7722,
        type: 3}
      propertyPath: m_Name
      value: Enemy
      objectReference: {fileID: 0}
    - target: {fileID: 3282563561134706224, guid: 37534169406154e4ca42a100491e7722,
        type: 3}
      propertyPath: m_IsActive
      value: 1
      objectReference: {fileID: 0}
    m_RemovedComponents: []
  m_SourcePrefab: {fileID: 100100000, guid: 37534169406154e4ca42a100491e7722, type: 3}
--- !u!4 &2082296719505294930 stripped
Transform:
  m_CorrespondingSourceObject: {fileID: 2934846060136982120, guid: 37534169406154e4ca42a100491e7722,
    type: 3}
  m_PrefabInstance: {fileID: 3773848418417926202}
  m_PrefabAsset: {fileID: 0}
--- !u!1001 &4323436410012611943
PrefabInstance:
  m_ObjectHideFlags: 0
  serializedVersion: 2
  m_Modification:
    m_TransformParent: {fileID: 257424491101595508}
    m_Modifications:
    - target: {fileID: 1033440492506627369, guid: 37534169406154e4ca42a100491e7722,
        type: 3}
      propertyPath: m_ConnectedAnchor.x
      value: 0.00000016763805
      objectReference: {fileID: 0}
    - target: {fileID: 1033440492506627369, guid: 37534169406154e4ca42a100491e7722,
        type: 3}
      propertyPath: m_ConnectedAnchor.y
      value: 0.08340827
      objectReference: {fileID: 0}
    - target: {fileID: 1033440492506627369, guid: 37534169406154e4ca42a100491e7722,
        type: 3}
      propertyPath: m_ConnectedAnchor.z
      value: 0.000000033527616
      objectReference: {fileID: 0}
    - target: {fileID: 1033440492702229238, guid: 37534169406154e4ca42a100491e7722,
        type: 3}
      propertyPath: m_ConnectedAnchor.x
      value: 0.000000030675437
      objectReference: {fileID: 0}
    - target: {fileID: 1033440492702229238, guid: 37534169406154e4ca42a100491e7722,
        type: 3}
      propertyPath: m_ConnectedAnchor.y
      value: 0.04119119
      objectReference: {fileID: 0}
    - target: {fileID: 1033440492702229238, guid: 37534169406154e4ca42a100491e7722,
        type: 3}
      propertyPath: m_ConnectedAnchor.z
      value: 0.00000014551914
      objectReference: {fileID: 0}
    - target: {fileID: 1033440492958754807, guid: 37534169406154e4ca42a100491e7722,
        type: 3}
      propertyPath: m_ConnectedAnchor.x
      value: -0.00054254313
      objectReference: {fileID: 0}
    - target: {fileID: 1033440492958754807, guid: 37534169406154e4ca42a100491e7722,
        type: 3}
      propertyPath: m_ConnectedAnchor.y
      value: 0.13266896
      objectReference: {fileID: 0}
    - target: {fileID: 1033440492958754807, guid: 37534169406154e4ca42a100491e7722,
        type: 3}
      propertyPath: m_ConnectedAnchor.z
      value: -0.000314489
      objectReference: {fileID: 0}
    - target: {fileID: 1033440493142499281, guid: 37534169406154e4ca42a100491e7722,
        type: 3}
      propertyPath: m_ConnectedAnchor.x
      value: 0.0000001406122
      objectReference: {fileID: 0}
    - target: {fileID: 1033440493142499281, guid: 37534169406154e4ca42a100491e7722,
        type: 3}
      propertyPath: m_ConnectedAnchor.y
      value: 0.0941589
      objectReference: {fileID: 0}
    - target: {fileID: 1033440493142499281, guid: 37534169406154e4ca42a100491e7722,
        type: 3}
      propertyPath: m_ConnectedAnchor.z
      value: 0.00000015878967
      objectReference: {fileID: 0}
    - target: {fileID: 1033440493180972497, guid: 37534169406154e4ca42a100491e7722,
        type: 3}
      propertyPath: m_ConnectedAnchor.x
      value: -0.052422144
      objectReference: {fileID: 0}
    - target: {fileID: 1033440493180972497, guid: 37534169406154e4ca42a100491e7722,
        type: 3}
      propertyPath: m_ConnectedAnchor.y
      value: 0.068112604
      objectReference: {fileID: 0}
    - target: {fileID: 1033440493180972497, guid: 37534169406154e4ca42a100491e7722,
        type: 3}
      propertyPath: m_ConnectedAnchor.z
      value: -0.010214636
      objectReference: {fileID: 0}
    - target: {fileID: 1033440493383173035, guid: 37534169406154e4ca42a100491e7722,
        type: 3}
      propertyPath: m_ConnectedAnchor.x
      value: 0.043379575
      objectReference: {fileID: 0}
    - target: {fileID: 1033440493383173035, guid: 37534169406154e4ca42a100491e7722,
        type: 3}
      propertyPath: m_ConnectedAnchor.y
      value: -0.019612271
      objectReference: {fileID: 0}
    - target: {fileID: 1033440493383173035, guid: 37534169406154e4ca42a100491e7722,
        type: 3}
      propertyPath: m_ConnectedAnchor.z
      value: -0.00054781116
      objectReference: {fileID: 0}
    - target: {fileID: 1033440493459963331, guid: 37534169406154e4ca42a100491e7722,
        type: 3}
      propertyPath: m_ConnectedAnchor.x
      value: 0.051218953
      objectReference: {fileID: 0}
    - target: {fileID: 1033440493459963331, guid: 37534169406154e4ca42a100491e7722,
        type: 3}
      propertyPath: m_ConnectedAnchor.y
      value: 0.06729275
      objectReference: {fileID: 0}
    - target: {fileID: 1033440493459963331, guid: 37534169406154e4ca42a100491e7722,
        type: 3}
      propertyPath: m_ConnectedAnchor.z
      value: 0.012843316
      objectReference: {fileID: 0}
    - target: {fileID: 1033440493576328614, guid: 37534169406154e4ca42a100491e7722,
        type: 3}
      propertyPath: m_ConnectedAnchor.x
      value: 0.00000018633725
      objectReference: {fileID: 0}
    - target: {fileID: 1033440493576328614, guid: 37534169406154e4ca42a100491e7722,
        type: 3}
      propertyPath: m_ConnectedAnchor.y
      value: 0.08341802
      objectReference: {fileID: 0}
    - target: {fileID: 1033440493576328614, guid: 37534169406154e4ca42a100491e7722,
        type: 3}
      propertyPath: m_ConnectedAnchor.z
      value: 0.00000009685753
      objectReference: {fileID: 0}
    - target: {fileID: 1033440493637290138, guid: 37534169406154e4ca42a100491e7722,
        type: 3}
      propertyPath: m_ConnectedAnchor.x
      value: -0.04337922
      objectReference: {fileID: 0}
    - target: {fileID: 1033440493637290138, guid: 37534169406154e4ca42a100491e7722,
        type: 3}
      propertyPath: m_ConnectedAnchor.y
      value: -0.019612271
      objectReference: {fileID: 0}
    - target: {fileID: 1033440493637290138, guid: 37534169406154e4ca42a100491e7722,
        type: 3}
      propertyPath: m_ConnectedAnchor.z
      value: -0.0008193967
      objectReference: {fileID: 0}
    - target: {fileID: 1033440493709441144, guid: 37534169406154e4ca42a100491e7722,
        type: 3}
      propertyPath: m_ConnectedAnchor.x
      value: -0.00000004003965
      objectReference: {fileID: 0}
    - target: {fileID: 1033440493709441144, guid: 37534169406154e4ca42a100491e7722,
        type: 3}
      propertyPath: m_ConnectedAnchor.y
      value: 0.09415961
      objectReference: {fileID: 0}
    - target: {fileID: 1033440493709441144, guid: 37534169406154e4ca42a100491e7722,
        type: 3}
      propertyPath: m_ConnectedAnchor.z
      value: -0.00000003166494
      objectReference: {fileID: 0}
    - target: {fileID: 2934846060136982120, guid: 37534169406154e4ca42a100491e7722,
        type: 3}
      propertyPath: m_LocalPosition.x
      value: -10.77
      objectReference: {fileID: 0}
    - target: {fileID: 2934846060136982120, guid: 37534169406154e4ca42a100491e7722,
        type: 3}
      propertyPath: m_LocalPosition.y
      value: -2.5
      objectReference: {fileID: 0}
    - target: {fileID: 2934846060136982120, guid: 37534169406154e4ca42a100491e7722,
        type: 3}
      propertyPath: m_LocalPosition.z
      value: 28.5
      objectReference: {fileID: 0}
    - target: {fileID: 2934846060136982120, guid: 37534169406154e4ca42a100491e7722,
        type: 3}
      propertyPath: m_LocalRotation.x
      value: 0
      objectReference: {fileID: 0}
    - target: {fileID: 2934846060136982120, guid: 37534169406154e4ca42a100491e7722,
        type: 3}
      propertyPath: m_LocalRotation.y
      value: 1
      objectReference: {fileID: 0}
    - target: {fileID: 2934846060136982120, guid: 37534169406154e4ca42a100491e7722,
        type: 3}
      propertyPath: m_LocalRotation.z
      value: 0
      objectReference: {fileID: 0}
    - target: {fileID: 2934846060136982120, guid: 37534169406154e4ca42a100491e7722,
        type: 3}
      propertyPath: m_LocalRotation.w
      value: 0
      objectReference: {fileID: 0}
    - target: {fileID: 2934846060136982120, guid: 37534169406154e4ca42a100491e7722,
        type: 3}
      propertyPath: m_RootOrder
      value: 8
      objectReference: {fileID: 0}
    - target: {fileID: 2934846060136982120, guid: 37534169406154e4ca42a100491e7722,
        type: 3}
      propertyPath: m_LocalEulerAnglesHint.x
      value: 0
      objectReference: {fileID: 0}
    - target: {fileID: 2934846060136982120, guid: 37534169406154e4ca42a100491e7722,
        type: 3}
      propertyPath: m_LocalEulerAnglesHint.y
      value: 180
      objectReference: {fileID: 0}
    - target: {fileID: 2934846060136982120, guid: 37534169406154e4ca42a100491e7722,
        type: 3}
      propertyPath: m_LocalEulerAnglesHint.z
      value: 0
      objectReference: {fileID: 0}
    - target: {fileID: 3282563561134706224, guid: 37534169406154e4ca42a100491e7722,
        type: 3}
      propertyPath: m_Name
      value: Enemy (7)
      objectReference: {fileID: 0}
    - target: {fileID: 3282563561134706224, guid: 37534169406154e4ca42a100491e7722,
        type: 3}
      propertyPath: m_IsActive
      value: 1
      objectReference: {fileID: 0}
    m_RemovedComponents: []
  m_SourcePrefab: {fileID: 100100000, guid: 37534169406154e4ca42a100491e7722, type: 3}
--- !u!4 &1388591321213686543 stripped
Transform:
  m_CorrespondingSourceObject: {fileID: 2934846060136982120, guid: 37534169406154e4ca42a100491e7722,
    type: 3}
  m_PrefabInstance: {fileID: 4323436410012611943}
  m_PrefabAsset: {fileID: 0}
--- !u!1001 &4874333466821878506
PrefabInstance:
  m_ObjectHideFlags: 0
  serializedVersion: 2
  m_Modification:
    m_TransformParent: {fileID: 257424491101595508}
    m_Modifications:
    - target: {fileID: 257424491101595508, guid: 6533436c212b6814fb8d055717129b2c,
        type: 3}
      propertyPath: m_LocalPosition.x
      value: 0
      objectReference: {fileID: 0}
    - target: {fileID: 257424491101595508, guid: 6533436c212b6814fb8d055717129b2c,
        type: 3}
      propertyPath: m_LocalPosition.y
      value: 0
      objectReference: {fileID: 0}
    - target: {fileID: 257424491101595508, guid: 6533436c212b6814fb8d055717129b2c,
        type: 3}
      propertyPath: m_LocalPosition.z
      value: 0
      objectReference: {fileID: 0}
    - target: {fileID: 257424491101595508, guid: 6533436c212b6814fb8d055717129b2c,
        type: 3}
      propertyPath: m_LocalRotation.x
      value: 0
      objectReference: {fileID: 0}
    - target: {fileID: 257424491101595508, guid: 6533436c212b6814fb8d055717129b2c,
        type: 3}
      propertyPath: m_LocalRotation.y
      value: 0
      objectReference: {fileID: 0}
    - target: {fileID: 257424491101595508, guid: 6533436c212b6814fb8d055717129b2c,
        type: 3}
      propertyPath: m_LocalRotation.z
      value: 0
      objectReference: {fileID: 0}
    - target: {fileID: 257424491101595508, guid: 6533436c212b6814fb8d055717129b2c,
        type: 3}
      propertyPath: m_LocalRotation.w
      value: 1
      objectReference: {fileID: 0}
    - target: {fileID: 257424491101595508, guid: 6533436c212b6814fb8d055717129b2c,
        type: 3}
      propertyPath: m_RootOrder
      value: 0
      objectReference: {fileID: 0}
    - target: {fileID: 257424491101595508, guid: 6533436c212b6814fb8d055717129b2c,
        type: 3}
      propertyPath: m_LocalEulerAnglesHint.x
      value: 0
      objectReference: {fileID: 0}
    - target: {fileID: 257424491101595508, guid: 6533436c212b6814fb8d055717129b2c,
        type: 3}
      propertyPath: m_LocalEulerAnglesHint.y
      value: 0
      objectReference: {fileID: 0}
    - target: {fileID: 257424491101595508, guid: 6533436c212b6814fb8d055717129b2c,
        type: 3}
      propertyPath: m_LocalEulerAnglesHint.z
      value: 0
      objectReference: {fileID: 0}
    - target: {fileID: 5875174855307194634, guid: 6533436c212b6814fb8d055717129b2c,
        type: 3}
      propertyPath: m_Name
      value: PlatformBase
      objectReference: {fileID: 0}
    - target: {fileID: 5875174855307194634, guid: 6533436c212b6814fb8d055717129b2c,
        type: 3}
      propertyPath: m_IsActive
      value: 1
      objectReference: {fileID: 0}
    m_RemovedComponents: []
  m_SourcePrefab: {fileID: 100100000, guid: 6533436c212b6814fb8d055717129b2c, type: 3}
--- !u!4 &4627327960791106974 stripped
Transform:
  m_CorrespondingSourceObject: {fileID: 257424491101595508, guid: 6533436c212b6814fb8d055717129b2c,
    type: 3}
  m_PrefabInstance: {fileID: 4874333466821878506}
  m_PrefabAsset: {fileID: 0}
--- !u!1001 &5254234346887139994
PrefabInstance:
  m_ObjectHideFlags: 0
  serializedVersion: 2
  m_Modification:
    m_TransformParent: {fileID: 257424491101595508}
    m_Modifications:
    - target: {fileID: 1033440492506627369, guid: 37534169406154e4ca42a100491e7722,
        type: 3}
      propertyPath: m_ConnectedAnchor.x
      value: 0.00000016763805
      objectReference: {fileID: 0}
    - target: {fileID: 1033440492506627369, guid: 37534169406154e4ca42a100491e7722,
        type: 3}
      propertyPath: m_ConnectedAnchor.y
      value: 0.08340827
      objectReference: {fileID: 0}
    - target: {fileID: 1033440492506627369, guid: 37534169406154e4ca42a100491e7722,
        type: 3}
      propertyPath: m_ConnectedAnchor.z
      value: 0.000000033527616
      objectReference: {fileID: 0}
    - target: {fileID: 1033440492702229238, guid: 37534169406154e4ca42a100491e7722,
        type: 3}
      propertyPath: m_ConnectedAnchor.x
      value: 0.000000030675437
      objectReference: {fileID: 0}
    - target: {fileID: 1033440492702229238, guid: 37534169406154e4ca42a100491e7722,
        type: 3}
      propertyPath: m_ConnectedAnchor.y
      value: 0.04119119
      objectReference: {fileID: 0}
    - target: {fileID: 1033440492702229238, guid: 37534169406154e4ca42a100491e7722,
        type: 3}
      propertyPath: m_ConnectedAnchor.z
      value: 0.00000014551914
      objectReference: {fileID: 0}
    - target: {fileID: 1033440492958754807, guid: 37534169406154e4ca42a100491e7722,
        type: 3}
      propertyPath: m_ConnectedAnchor.x
      value: -0.00054260367
      objectReference: {fileID: 0}
    - target: {fileID: 1033440492958754807, guid: 37534169406154e4ca42a100491e7722,
        type: 3}
      propertyPath: m_ConnectedAnchor.y
      value: 0.13266896
      objectReference: {fileID: 0}
    - target: {fileID: 1033440492958754807, guid: 37534169406154e4ca42a100491e7722,
        type: 3}
      propertyPath: m_ConnectedAnchor.z
      value: -0.00031447317
      objectReference: {fileID: 0}
    - target: {fileID: 1033440493142499281, guid: 37534169406154e4ca42a100491e7722,
        type: 3}
      propertyPath: m_ConnectedAnchor.x
      value: 0.0000001406122
      objectReference: {fileID: 0}
    - target: {fileID: 1033440493142499281, guid: 37534169406154e4ca42a100491e7722,
        type: 3}
      propertyPath: m_ConnectedAnchor.y
      value: 0.0941589
      objectReference: {fileID: 0}
    - target: {fileID: 1033440493142499281, guid: 37534169406154e4ca42a100491e7722,
        type: 3}
      propertyPath: m_ConnectedAnchor.z
      value: 0.00000015878967
      objectReference: {fileID: 0}
    - target: {fileID: 1033440493180972497, guid: 37534169406154e4ca42a100491e7722,
        type: 3}
      propertyPath: m_ConnectedAnchor.x
      value: -0.052422203
      objectReference: {fileID: 0}
    - target: {fileID: 1033440493180972497, guid: 37534169406154e4ca42a100491e7722,
        type: 3}
      propertyPath: m_ConnectedAnchor.y
      value: 0.068112604
      objectReference: {fileID: 0}
    - target: {fileID: 1033440493180972497, guid: 37534169406154e4ca42a100491e7722,
        type: 3}
      propertyPath: m_ConnectedAnchor.z
      value: -0.010214621
      objectReference: {fileID: 0}
    - target: {fileID: 1033440493383173035, guid: 37534169406154e4ca42a100491e7722,
        type: 3}
      propertyPath: m_ConnectedAnchor.x
      value: 0.043379523
      objectReference: {fileID: 0}
    - target: {fileID: 1033440493383173035, guid: 37534169406154e4ca42a100491e7722,
        type: 3}
      propertyPath: m_ConnectedAnchor.y
      value: -0.019612271
      objectReference: {fileID: 0}
    - target: {fileID: 1033440493383173035, guid: 37534169406154e4ca42a100491e7722,
        type: 3}
      propertyPath: m_ConnectedAnchor.z
      value: -0.00054784655
      objectReference: {fileID: 0}
    - target: {fileID: 1033440493459963331, guid: 37534169406154e4ca42a100491e7722,
        type: 3}
      propertyPath: m_ConnectedAnchor.x
      value: 0.051218893
      objectReference: {fileID: 0}
    - target: {fileID: 1033440493459963331, guid: 37534169406154e4ca42a100491e7722,
        type: 3}
      propertyPath: m_ConnectedAnchor.y
      value: 0.06729275
      objectReference: {fileID: 0}
    - target: {fileID: 1033440493459963331, guid: 37534169406154e4ca42a100491e7722,
        type: 3}
      propertyPath: m_ConnectedAnchor.z
      value: 0.012843333
      objectReference: {fileID: 0}
    - target: {fileID: 1033440493576328614, guid: 37534169406154e4ca42a100491e7722,
        type: 3}
      propertyPath: m_ConnectedAnchor.x
      value: 0.00000018633725
      objectReference: {fileID: 0}
    - target: {fileID: 1033440493576328614, guid: 37534169406154e4ca42a100491e7722,
        type: 3}
      propertyPath: m_ConnectedAnchor.y
      value: 0.08341802
      objectReference: {fileID: 0}
    - target: {fileID: 1033440493576328614, guid: 37534169406154e4ca42a100491e7722,
        type: 3}
      propertyPath: m_ConnectedAnchor.z
      value: 0.00000009685753
      objectReference: {fileID: 0}
    - target: {fileID: 1033440493637290138, guid: 37534169406154e4ca42a100491e7722,
        type: 3}
      propertyPath: m_ConnectedAnchor.x
      value: -0.04337949
      objectReference: {fileID: 0}
    - target: {fileID: 1033440493637290138, guid: 37534169406154e4ca42a100491e7722,
        type: 3}
      propertyPath: m_ConnectedAnchor.y
      value: -0.01961228
      objectReference: {fileID: 0}
    - target: {fileID: 1033440493637290138, guid: 37534169406154e4ca42a100491e7722,
        type: 3}
      propertyPath: m_ConnectedAnchor.z
      value: -0.0008189734
      objectReference: {fileID: 0}
    - target: {fileID: 1033440493709441144, guid: 37534169406154e4ca42a100491e7722,
        type: 3}
      propertyPath: m_ConnectedAnchor.x
      value: 0.000000014898475
      objectReference: {fileID: 0}
    - target: {fileID: 1033440493709441144, guid: 37534169406154e4ca42a100491e7722,
        type: 3}
      propertyPath: m_ConnectedAnchor.y
      value: 0.09415962
      objectReference: {fileID: 0}
    - target: {fileID: 1033440493709441144, guid: 37534169406154e4ca42a100491e7722,
        type: 3}
      propertyPath: m_ConnectedAnchor.z
      value: -0.000000050291373
      objectReference: {fileID: 0}
    - target: {fileID: 2934846060136982120, guid: 37534169406154e4ca42a100491e7722,
        type: 3}
      propertyPath: m_LocalPosition.x
      value: 6.5000005
      objectReference: {fileID: 0}
    - target: {fileID: 2934846060136982120, guid: 37534169406154e4ca42a100491e7722,
        type: 3}
      propertyPath: m_LocalPosition.y
      value: -2.5
      objectReference: {fileID: 0}
    - target: {fileID: 2934846060136982120, guid: 37534169406154e4ca42a100491e7722,
        type: 3}
      propertyPath: m_LocalPosition.z
      value: -22
      objectReference: {fileID: 0}
    - target: {fileID: 2934846060136982120, guid: 37534169406154e4ca42a100491e7722,
        type: 3}
      propertyPath: m_LocalRotation.x
      value: 0
      objectReference: {fileID: 0}
    - target: {fileID: 2934846060136982120, guid: 37534169406154e4ca42a100491e7722,
        type: 3}
      propertyPath: m_LocalRotation.y
      value: 1
      objectReference: {fileID: 0}
    - target: {fileID: 2934846060136982120, guid: 37534169406154e4ca42a100491e7722,
        type: 3}
      propertyPath: m_LocalRotation.z
      value: 0
      objectReference: {fileID: 0}
    - target: {fileID: 2934846060136982120, guid: 37534169406154e4ca42a100491e7722,
        type: 3}
      propertyPath: m_LocalRotation.w
      value: 0
      objectReference: {fileID: 0}
    - target: {fileID: 2934846060136982120, guid: 37534169406154e4ca42a100491e7722,
        type: 3}
      propertyPath: m_RootOrder
      value: 2
      objectReference: {fileID: 0}
    - target: {fileID: 2934846060136982120, guid: 37534169406154e4ca42a100491e7722,
        type: 3}
      propertyPath: m_LocalEulerAnglesHint.x
      value: 0
      objectReference: {fileID: 0}
    - target: {fileID: 2934846060136982120, guid: 37534169406154e4ca42a100491e7722,
        type: 3}
      propertyPath: m_LocalEulerAnglesHint.y
      value: 180
      objectReference: {fileID: 0}
    - target: {fileID: 2934846060136982120, guid: 37534169406154e4ca42a100491e7722,
        type: 3}
      propertyPath: m_LocalEulerAnglesHint.z
      value: 0
      objectReference: {fileID: 0}
    - target: {fileID: 3282563561134706224, guid: 37534169406154e4ca42a100491e7722,
        type: 3}
      propertyPath: m_Name
      value: Enemy (1)
      objectReference: {fileID: 0}
    - target: {fileID: 3282563561134706224, guid: 37534169406154e4ca42a100491e7722,
        type: 3}
      propertyPath: m_IsActive
      value: 1
      objectReference: {fileID: 0}
    m_RemovedComponents: []
  m_SourcePrefab: {fileID: 100100000, guid: 37534169406154e4ca42a100491e7722, type: 3}
--- !u!4 &6940153394136233202 stripped
Transform:
  m_CorrespondingSourceObject: {fileID: 2934846060136982120, guid: 37534169406154e4ca42a100491e7722,
    type: 3}
  m_PrefabInstance: {fileID: 5254234346887139994}
  m_PrefabAsset: {fileID: 0}
--- !u!1001 &5492933768003118073
PrefabInstance:
  m_ObjectHideFlags: 0
  serializedVersion: 2
  m_Modification:
    m_TransformParent: {fileID: 257424491101595508}
    m_Modifications:
    - target: {fileID: 1033440492506627369, guid: 37534169406154e4ca42a100491e7722,
        type: 3}
      propertyPath: m_ConnectedAnchor.x
      value: 0.00000016763805
      objectReference: {fileID: 0}
    - target: {fileID: 1033440492506627369, guid: 37534169406154e4ca42a100491e7722,
        type: 3}
      propertyPath: m_ConnectedAnchor.y
      value: 0.08340827
      objectReference: {fileID: 0}
    - target: {fileID: 1033440492506627369, guid: 37534169406154e4ca42a100491e7722,
        type: 3}
      propertyPath: m_ConnectedAnchor.z
      value: 0.000000033527616
      objectReference: {fileID: 0}
    - target: {fileID: 1033440492702229238, guid: 37534169406154e4ca42a100491e7722,
        type: 3}
      propertyPath: m_ConnectedAnchor.x
      value: 0.000000030675437
      objectReference: {fileID: 0}
    - target: {fileID: 1033440492702229238, guid: 37534169406154e4ca42a100491e7722,
        type: 3}
      propertyPath: m_ConnectedAnchor.y
      value: 0.04119119
      objectReference: {fileID: 0}
    - target: {fileID: 1033440492702229238, guid: 37534169406154e4ca42a100491e7722,
        type: 3}
      propertyPath: m_ConnectedAnchor.z
      value: 0.00000014551914
      objectReference: {fileID: 0}
    - target: {fileID: 1033440492958754807, guid: 37534169406154e4ca42a100491e7722,
        type: 3}
      propertyPath: m_ConnectedAnchor.x
      value: -0.00054260367
      objectReference: {fileID: 0}
    - target: {fileID: 1033440492958754807, guid: 37534169406154e4ca42a100491e7722,
        type: 3}
      propertyPath: m_ConnectedAnchor.y
      value: 0.13266896
      objectReference: {fileID: 0}
    - target: {fileID: 1033440492958754807, guid: 37534169406154e4ca42a100491e7722,
        type: 3}
      propertyPath: m_ConnectedAnchor.z
      value: -0.00031447317
      objectReference: {fileID: 0}
    - target: {fileID: 1033440493142499281, guid: 37534169406154e4ca42a100491e7722,
        type: 3}
      propertyPath: m_ConnectedAnchor.x
      value: -0.000000049353954
      objectReference: {fileID: 0}
    - target: {fileID: 1033440493142499281, guid: 37534169406154e4ca42a100491e7722,
        type: 3}
      propertyPath: m_ConnectedAnchor.y
      value: 0.094158925
      objectReference: {fileID: 0}
    - target: {fileID: 1033440493142499281, guid: 37534169406154e4ca42a100491e7722,
        type: 3}
      propertyPath: m_ConnectedAnchor.z
      value: -0.0000000065192243
      objectReference: {fileID: 0}
    - target: {fileID: 1033440493180972497, guid: 37534169406154e4ca42a100491e7722,
        type: 3}
      propertyPath: m_ConnectedAnchor.x
      value: -0.052422203
      objectReference: {fileID: 0}
    - target: {fileID: 1033440493180972497, guid: 37534169406154e4ca42a100491e7722,
        type: 3}
      propertyPath: m_ConnectedAnchor.y
      value: 0.068112604
      objectReference: {fileID: 0}
    - target: {fileID: 1033440493180972497, guid: 37534169406154e4ca42a100491e7722,
        type: 3}
      propertyPath: m_ConnectedAnchor.z
      value: -0.010214621
      objectReference: {fileID: 0}
    - target: {fileID: 1033440493383173035, guid: 37534169406154e4ca42a100491e7722,
        type: 3}
      propertyPath: m_ConnectedAnchor.x
      value: 0.04337939
      objectReference: {fileID: 0}
    - target: {fileID: 1033440493383173035, guid: 37534169406154e4ca42a100491e7722,
        type: 3}
      propertyPath: m_ConnectedAnchor.y
      value: -0.019612275
      objectReference: {fileID: 0}
    - target: {fileID: 1033440493383173035, guid: 37534169406154e4ca42a100491e7722,
        type: 3}
      propertyPath: m_ConnectedAnchor.z
      value: -0.000547634
      objectReference: {fileID: 0}
    - target: {fileID: 1033440493459963331, guid: 37534169406154e4ca42a100491e7722,
        type: 3}
      propertyPath: m_ConnectedAnchor.x
      value: 0.051218826
      objectReference: {fileID: 0}
    - target: {fileID: 1033440493459963331, guid: 37534169406154e4ca42a100491e7722,
        type: 3}
      propertyPath: m_ConnectedAnchor.y
      value: 0.06729274
      objectReference: {fileID: 0}
    - target: {fileID: 1033440493459963331, guid: 37534169406154e4ca42a100491e7722,
        type: 3}
      propertyPath: m_ConnectedAnchor.z
      value: 0.012843089
      objectReference: {fileID: 0}
    - target: {fileID: 1033440493576328614, guid: 37534169406154e4ca42a100491e7722,
        type: 3}
      propertyPath: m_ConnectedAnchor.x
      value: -0.00000003179593
      objectReference: {fileID: 0}
    - target: {fileID: 1033440493576328614, guid: 37534169406154e4ca42a100491e7722,
        type: 3}
      propertyPath: m_ConnectedAnchor.y
      value: 0.083418086
      objectReference: {fileID: 0}
    - target: {fileID: 1033440493576328614, guid: 37534169406154e4ca42a100491e7722,
        type: 3}
      propertyPath: m_ConnectedAnchor.z
      value: -0.000000011175869
      objectReference: {fileID: 0}
    - target: {fileID: 1033440493637290138, guid: 37534169406154e4ca42a100491e7722,
        type: 3}
      propertyPath: m_ConnectedAnchor.x
      value: -0.04337949
      objectReference: {fileID: 0}
    - target: {fileID: 1033440493637290138, guid: 37534169406154e4ca42a100491e7722,
        type: 3}
      propertyPath: m_ConnectedAnchor.y
      value: -0.01961228
      objectReference: {fileID: 0}
    - target: {fileID: 1033440493637290138, guid: 37534169406154e4ca42a100491e7722,
        type: 3}
      propertyPath: m_ConnectedAnchor.z
      value: -0.0008189734
      objectReference: {fileID: 0}
    - target: {fileID: 1033440493709441144, guid: 37534169406154e4ca42a100491e7722,
        type: 3}
      propertyPath: m_ConnectedAnchor.x
      value: 0.000000014898475
      objectReference: {fileID: 0}
    - target: {fileID: 1033440493709441144, guid: 37534169406154e4ca42a100491e7722,
        type: 3}
      propertyPath: m_ConnectedAnchor.y
      value: 0.09415962
      objectReference: {fileID: 0}
    - target: {fileID: 1033440493709441144, guid: 37534169406154e4ca42a100491e7722,
        type: 3}
      propertyPath: m_ConnectedAnchor.z
      value: -0.000000050291373
      objectReference: {fileID: 0}
    - target: {fileID: 2934846060136982120, guid: 37534169406154e4ca42a100491e7722,
        type: 3}
      propertyPath: m_LocalPosition.x
      value: -6.57
      objectReference: {fileID: 0}
    - target: {fileID: 2934846060136982120, guid: 37534169406154e4ca42a100491e7722,
        type: 3}
      propertyPath: m_LocalPosition.y
      value: -2.5
      objectReference: {fileID: 0}
    - target: {fileID: 2934846060136982120, guid: 37534169406154e4ca42a100491e7722,
        type: 3}
      propertyPath: m_LocalPosition.z
      value: 19.690002
      objectReference: {fileID: 0}
    - target: {fileID: 2934846060136982120, guid: 37534169406154e4ca42a100491e7722,
        type: 3}
      propertyPath: m_LocalRotation.x
      value: 0
      objectReference: {fileID: 0}
    - target: {fileID: 2934846060136982120, guid: 37534169406154e4ca42a100491e7722,
        type: 3}
      propertyPath: m_LocalRotation.y
      value: 1
      objectReference: {fileID: 0}
    - target: {fileID: 2934846060136982120, guid: 37534169406154e4ca42a100491e7722,
        type: 3}
      propertyPath: m_LocalRotation.z
      value: 0
      objectReference: {fileID: 0}
    - target: {fileID: 2934846060136982120, guid: 37534169406154e4ca42a100491e7722,
        type: 3}
      propertyPath: m_LocalRotation.w
      value: 0
      objectReference: {fileID: 0}
    - target: {fileID: 2934846060136982120, guid: 37534169406154e4ca42a100491e7722,
        type: 3}
      propertyPath: m_RootOrder
      value: 5
      objectReference: {fileID: 0}
    - target: {fileID: 2934846060136982120, guid: 37534169406154e4ca42a100491e7722,
        type: 3}
      propertyPath: m_LocalEulerAnglesHint.x
      value: 0
      objectReference: {fileID: 0}
    - target: {fileID: 2934846060136982120, guid: 37534169406154e4ca42a100491e7722,
        type: 3}
      propertyPath: m_LocalEulerAnglesHint.y
      value: 180
      objectReference: {fileID: 0}
    - target: {fileID: 2934846060136982120, guid: 37534169406154e4ca42a100491e7722,
        type: 3}
      propertyPath: m_LocalEulerAnglesHint.z
      value: 0
      objectReference: {fileID: 0}
    - target: {fileID: 3282563561134706224, guid: 37534169406154e4ca42a100491e7722,
        type: 3}
      propertyPath: m_Name
      value: Enemy (2)
      objectReference: {fileID: 0}
    - target: {fileID: 3282563561134706224, guid: 37534169406154e4ca42a100491e7722,
        type: 3}
      propertyPath: m_IsActive
      value: 1
      objectReference: {fileID: 0}
    m_RemovedComponents: []
  m_SourcePrefab: {fileID: 100100000, guid: 37534169406154e4ca42a100491e7722, type: 3}
--- !u!4 &7241921078316598673 stripped
Transform:
  m_CorrespondingSourceObject: {fileID: 2934846060136982120, guid: 37534169406154e4ca42a100491e7722,
    type: 3}
  m_PrefabInstance: {fileID: 5492933768003118073}
  m_PrefabAsset: {fileID: 0}
--- !u!1001 &9002171523805296388
PrefabInstance:
  m_ObjectHideFlags: 0
  serializedVersion: 2
  m_Modification:
    m_TransformParent: {fileID: 257424491101595508}
    m_Modifications:
    - target: {fileID: 1033440492506627369, guid: 37534169406154e4ca42a100491e7722,
        type: 3}
      propertyPath: m_ConnectedAnchor.x
      value: -0.00000007916241
      objectReference: {fileID: 0}
    - target: {fileID: 1033440492506627369, guid: 37534169406154e4ca42a100491e7722,
        type: 3}
      propertyPath: m_ConnectedAnchor.y
      value: 0.08340823
      objectReference: {fileID: 0}
    - target: {fileID: 1033440492506627369, guid: 37534169406154e4ca42a100491e7722,
        type: 3}
      propertyPath: m_ConnectedAnchor.z
      value: -0.000000014901163
      objectReference: {fileID: 0}
    - target: {fileID: 1033440492702229238, guid: 37534169406154e4ca42a100491e7722,
        type: 3}
      propertyPath: m_ConnectedAnchor.x
      value: 0.0000000102154445
      objectReference: {fileID: 0}
    - target: {fileID: 1033440492702229238, guid: 37534169406154e4ca42a100491e7722,
        type: 3}
      propertyPath: m_ConnectedAnchor.y
      value: 0.041191194
      objectReference: {fileID: 0}
    - target: {fileID: 1033440492702229238, guid: 37534169406154e4ca42a100491e7722,
        type: 3}
      propertyPath: m_ConnectedAnchor.z
      value: -0.00000010407528
      objectReference: {fileID: 0}
    - target: {fileID: 1033440492958754807, guid: 37534169406154e4ca42a100491e7722,
        type: 3}
      propertyPath: m_ConnectedAnchor.x
      value: -0.00054254313
      objectReference: {fileID: 0}
    - target: {fileID: 1033440492958754807, guid: 37534169406154e4ca42a100491e7722,
        type: 3}
      propertyPath: m_ConnectedAnchor.y
      value: 0.13266896
      objectReference: {fileID: 0}
    - target: {fileID: 1033440492958754807, guid: 37534169406154e4ca42a100491e7722,
        type: 3}
      propertyPath: m_ConnectedAnchor.z
      value: -0.000314489
      objectReference: {fileID: 0}
    - target: {fileID: 1033440493142499281, guid: 37534169406154e4ca42a100491e7722,
        type: 3}
      propertyPath: m_ConnectedAnchor.x
      value: -0.000000049353954
      objectReference: {fileID: 0}
    - target: {fileID: 1033440493142499281, guid: 37534169406154e4ca42a100491e7722,
        type: 3}
      propertyPath: m_ConnectedAnchor.y
      value: 0.094158925
      objectReference: {fileID: 0}
    - target: {fileID: 1033440493142499281, guid: 37534169406154e4ca42a100491e7722,
        type: 3}
      propertyPath: m_ConnectedAnchor.z
      value: -0.0000000065192243
      objectReference: {fileID: 0}
    - target: {fileID: 1033440493180972497, guid: 37534169406154e4ca42a100491e7722,
        type: 3}
      propertyPath: m_ConnectedAnchor.x
      value: -0.052422144
      objectReference: {fileID: 0}
    - target: {fileID: 1033440493180972497, guid: 37534169406154e4ca42a100491e7722,
        type: 3}
      propertyPath: m_ConnectedAnchor.y
      value: 0.068112604
      objectReference: {fileID: 0}
    - target: {fileID: 1033440493180972497, guid: 37534169406154e4ca42a100491e7722,
        type: 3}
      propertyPath: m_ConnectedAnchor.z
      value: -0.010214636
      objectReference: {fileID: 0}
    - target: {fileID: 1033440493383173035, guid: 37534169406154e4ca42a100491e7722,
        type: 3}
      propertyPath: m_ConnectedAnchor.x
      value: 0.04337944
      objectReference: {fileID: 0}
    - target: {fileID: 1033440493383173035, guid: 37534169406154e4ca42a100491e7722,
        type: 3}
      propertyPath: m_ConnectedAnchor.y
      value: -0.019612275
      objectReference: {fileID: 0}
    - target: {fileID: 1033440493383173035, guid: 37534169406154e4ca42a100491e7722,
        type: 3}
      propertyPath: m_ConnectedAnchor.z
      value: -0.0005475986
      objectReference: {fileID: 0}
    - target: {fileID: 1033440493459963331, guid: 37534169406154e4ca42a100491e7722,
        type: 3}
      propertyPath: m_ConnectedAnchor.x
      value: 0.05121889
      objectReference: {fileID: 0}
    - target: {fileID: 1033440493459963331, guid: 37534169406154e4ca42a100491e7722,
        type: 3}
      propertyPath: m_ConnectedAnchor.y
      value: 0.06729274
      objectReference: {fileID: 0}
    - target: {fileID: 1033440493459963331, guid: 37534169406154e4ca42a100491e7722,
        type: 3}
      propertyPath: m_ConnectedAnchor.z
      value: 0.012843072
      objectReference: {fileID: 0}
    - target: {fileID: 1033440493576328614, guid: 37534169406154e4ca42a100491e7722,
        type: 3}
      propertyPath: m_ConnectedAnchor.x
      value: -0.00000003179593
      objectReference: {fileID: 0}
    - target: {fileID: 1033440493576328614, guid: 37534169406154e4ca42a100491e7722,
        type: 3}
      propertyPath: m_ConnectedAnchor.y
      value: 0.083418086
      objectReference: {fileID: 0}
    - target: {fileID: 1033440493576328614, guid: 37534169406154e4ca42a100491e7722,
        type: 3}
      propertyPath: m_ConnectedAnchor.z
      value: -0.000000011175869
      objectReference: {fileID: 0}
    - target: {fileID: 1033440493637290138, guid: 37534169406154e4ca42a100491e7722,
        type: 3}
      propertyPath: m_ConnectedAnchor.x
      value: -0.043379355
      objectReference: {fileID: 0}
    - target: {fileID: 1033440493637290138, guid: 37534169406154e4ca42a100491e7722,
        type: 3}
      propertyPath: m_ConnectedAnchor.y
      value: -0.019612275
      objectReference: {fileID: 0}
    - target: {fileID: 1033440493637290138, guid: 37534169406154e4ca42a100491e7722,
        type: 3}
      propertyPath: m_ConnectedAnchor.z
      value: -0.00081918575
      objectReference: {fileID: 0}
    - target: {fileID: 1033440493709441144, guid: 37534169406154e4ca42a100491e7722,
        type: 3}
      propertyPath: m_ConnectedAnchor.x
      value: -0.00000004003965
      objectReference: {fileID: 0}
    - target: {fileID: 1033440493709441144, guid: 37534169406154e4ca42a100491e7722,
        type: 3}
      propertyPath: m_ConnectedAnchor.y
      value: 0.09415961
      objectReference: {fileID: 0}
    - target: {fileID: 1033440493709441144, guid: 37534169406154e4ca42a100491e7722,
        type: 3}
      propertyPath: m_ConnectedAnchor.z
      value: -0.00000003166494
      objectReference: {fileID: 0}
    - target: {fileID: 2934846060136982120, guid: 37534169406154e4ca42a100491e7722,
        type: 3}
      propertyPath: m_LocalPosition.x
      value: 10
      objectReference: {fileID: 0}
    - target: {fileID: 2934846060136982120, guid: 37534169406154e4ca42a100491e7722,
        type: 3}
      propertyPath: m_LocalPosition.y
      value: -2.5
      objectReference: {fileID: 0}
    - target: {fileID: 2934846060136982120, guid: 37534169406154e4ca42a100491e7722,
        type: 3}
      propertyPath: m_LocalPosition.z
      value: -14
      objectReference: {fileID: 0}
    - target: {fileID: 2934846060136982120, guid: 37534169406154e4ca42a100491e7722,
        type: 3}
      propertyPath: m_LocalRotation.x
      value: 0
      objectReference: {fileID: 0}
    - target: {fileID: 2934846060136982120, guid: 37534169406154e4ca42a100491e7722,
        type: 3}
      propertyPath: m_LocalRotation.y
      value: 1
      objectReference: {fileID: 0}
    - target: {fileID: 2934846060136982120, guid: 37534169406154e4ca42a100491e7722,
        type: 3}
      propertyPath: m_LocalRotation.z
      value: 0
      objectReference: {fileID: 0}
    - target: {fileID: 2934846060136982120, guid: 37534169406154e4ca42a100491e7722,
        type: 3}
      propertyPath: m_LocalRotation.w
      value: 0
      objectReference: {fileID: 0}
    - target: {fileID: 2934846060136982120, guid: 37534169406154e4ca42a100491e7722,
        type: 3}
      propertyPath: m_RootOrder
      value: 3
      objectReference: {fileID: 0}
    - target: {fileID: 2934846060136982120, guid: 37534169406154e4ca42a100491e7722,
        type: 3}
      propertyPath: m_LocalEulerAnglesHint.x
      value: 0
      objectReference: {fileID: 0}
    - target: {fileID: 2934846060136982120, guid: 37534169406154e4ca42a100491e7722,
        type: 3}
      propertyPath: m_LocalEulerAnglesHint.y
      value: 180
      objectReference: {fileID: 0}
    - target: {fileID: 2934846060136982120, guid: 37534169406154e4ca42a100491e7722,
        type: 3}
      propertyPath: m_LocalEulerAnglesHint.z
      value: 0
      objectReference: {fileID: 0}
    - target: {fileID: 3282563561134706224, guid: 37534169406154e4ca42a100491e7722,
        type: 3}
      propertyPath: m_Name
      value: Enemy (3)
      objectReference: {fileID: 0}
    - target: {fileID: 3282563561134706224, guid: 37534169406154e4ca42a100491e7722,
        type: 3}
      propertyPath: m_IsActive
      value: 1
      objectReference: {fileID: 0}
    m_RemovedComponents: []
  m_SourcePrefab: {fileID: 100100000, guid: 37534169406154e4ca42a100491e7722, type: 3}
--- !u!4 &6076633251188199788 stripped
Transform:
  m_CorrespondingSourceObject: {fileID: 2934846060136982120, guid: 37534169406154e4ca42a100491e7722,
    type: 3}
  m_PrefabInstance: {fileID: 9002171523805296388}
  m_PrefabAsset: {fileID: 0}
