%YAML 1.1
%TAG !u! tag:unity3d.com,2011:
--- !u!1 &2476296326606141055
GameObject:
  m_ObjectHideFlags: 0
  m_CorrespondingSourceObject: {fileID: 0}
  m_PrefabInstance: {fileID: 0}
  m_PrefabAsset: {fileID: 0}
  serializedVersion: 6
  m_Component:
  - component: {fileID: 3538357824162889510}
  - component: {fileID: 1992025848900584496}
  - component: {fileID: 872390160572123857}
  - component: {fileID: 5869867372674241501}
  - component: {fileID: 6075718251957851103}
  - component: {fileID: 9031557707013654756}
  m_Layer: 14
  m_Name: 1.1
  m_TagString: WillDestroy
  m_Icon: {fileID: 0}
  m_NavMeshLayer: 0
  m_StaticEditorFlags: 0
  m_IsActive: 1
--- !u!4 &3538357824162889510
Transform:
  m_ObjectHideFlags: 0
  m_CorrespondingSourceObject: {fileID: 0}
  m_PrefabInstance: {fileID: 0}
  m_PrefabAsset: {fileID: 0}
  m_GameObject: {fileID: 2476296326606141055}
  m_LocalRotation: {x: 0, y: 0, z: 0, w: 1}
  m_LocalPosition: {x: 0, y: 0, z: 20}
  m_LocalScale: {x: 20.4, y: 1, z: 120}
  m_Children:
  - {fileID: 8092455225868875984}
  m_Father: {fileID: 0}
  m_RootOrder: 0
  m_LocalEulerAnglesHint: {x: 0, y: 0, z: 0}
--- !u!33 &1992025848900584496
MeshFilter:
  m_ObjectHideFlags: 0
  m_CorrespondingSourceObject: {fileID: 0}
  m_PrefabInstance: {fileID: 0}
  m_PrefabAsset: {fileID: 0}
  m_GameObject: {fileID: 2476296326606141055}
  m_Mesh: {fileID: 10202, guid: 0000000000000000e000000000000000, type: 0}
--- !u!23 &872390160572123857
MeshRenderer:
  m_ObjectHideFlags: 0
  m_CorrespondingSourceObject: {fileID: 0}
  m_PrefabInstance: {fileID: 0}
  m_PrefabAsset: {fileID: 0}
  m_GameObject: {fileID: 2476296326606141055}
  m_Enabled: 1
  m_CastShadows: 1
  m_ReceiveShadows: 1
  m_DynamicOccludee: 1
  m_MotionVectors: 1
  m_LightProbeUsage: 1
  m_ReflectionProbeUsage: 1
  m_RayTracingMode: 2
  m_RenderingLayerMask: 1
  m_RendererPriority: 0
  m_Materials:
  - {fileID: 2100000, guid: 0cd4196f8f2cfee41a402b0ee533bc6e, type: 2}
  m_StaticBatchInfo:
    firstSubMesh: 0
    subMeshCount: 0
  m_StaticBatchRoot: {fileID: 0}
  m_ProbeAnchor: {fileID: 0}
  m_LightProbeVolumeOverride: {fileID: 0}
  m_ScaleInLightmap: 1
  m_ReceiveGI: 1
  m_PreserveUVs: 0
  m_IgnoreNormalsForChartDetection: 0
  m_ImportantGI: 0
  m_StitchLightmapSeams: 1
  m_SelectedEditorRenderState: 3
  m_MinimumChartSize: 4
  m_AutoUVMaxDistance: 0.5
  m_AutoUVMaxAngle: 89
  m_LightmapParameters: {fileID: 0}
  m_SortingLayerID: 0
  m_SortingLayer: 0
  m_SortingOrder: 0
--- !u!65 &5869867372674241501
BoxCollider:
  m_ObjectHideFlags: 0
  m_CorrespondingSourceObject: {fileID: 0}
  m_PrefabInstance: {fileID: 0}
  m_PrefabAsset: {fileID: 0}
  m_GameObject: {fileID: 2476296326606141055}
  m_Material: {fileID: 0}
  m_IsTrigger: 1
  m_Enabled: 1
  serializedVersion: 2
  m_Size: {x: 1, y: 1, z: 1}
  m_Center: {x: 0, y: 0, z: 0}
--- !u!114 &6075718251957851103
MonoBehaviour:
  m_ObjectHideFlags: 0
  m_CorrespondingSourceObject: {fileID: 0}
  m_PrefabInstance: {fileID: 0}
  m_PrefabAsset: {fileID: 0}
  m_GameObject: {fileID: 2476296326606141055}
  m_Enabled: 1
  m_EditorHideFlags: 0
  m_Script: {fileID: 11500000, guid: 3a3840b7d0d6cfe429275e3041f1a1fa, type: 3}
  m_Name: 
  m_EditorClassIdentifier: 
  IsGameStarted: 0
  EventGameStatus:
    m_PersistentCalls:
      m_Calls: []
  IsStoreCollisions: 0
  IsStoreTriggers: 0
  IsListenTouchEvent: 0
  rb: {fileID: 0}
  EventCollision:
    m_PersistentCalls:
      m_Calls: []
  PrefabName: 
  IsInited: 0
--- !u!54 &9031557707013654756
Rigidbody:
  m_ObjectHideFlags: 0
  m_CorrespondingSourceObject: {fileID: 0}
  m_PrefabInstance: {fileID: 0}
  m_PrefabAsset: {fileID: 0}
  m_GameObject: {fileID: 2476296326606141055}
  serializedVersion: 2
  m_Mass: 1
  m_Drag: 0
  m_AngularDrag: 0.05
  m_UseGravity: 0
  m_IsKinematic: 1
  m_Interpolate: 0
  m_Constraints: 0
  m_CollisionDetection: 0
--- !u!1 &3144100927993761626
GameObject:
  m_ObjectHideFlags: 0
  m_CorrespondingSourceObject: {fileID: 0}
  m_PrefabInstance: {fileID: 0}
  m_PrefabAsset: {fileID: 0}
  serializedVersion: 6
  m_Component:
  - component: {fileID: 8092455225868875984}
  m_Layer: 14
  m_Name: Root
  m_TagString: Untagged
  m_Icon: {fileID: 0}
  m_NavMeshLayer: 0
  m_StaticEditorFlags: 0
  m_IsActive: 1
--- !u!4 &8092455225868875984
Transform:
  m_ObjectHideFlags: 0
  m_CorrespondingSourceObject: {fileID: 0}
  m_PrefabInstance: {fileID: 0}
  m_PrefabAsset: {fileID: 0}
  m_GameObject: {fileID: 3144100927993761626}
  m_LocalRotation: {x: 0, y: 0, z: 0, w: 1}
  m_LocalPosition: {x: 0, y: 0, z: 0}
  m_LocalScale: {x: 0.04901961, y: 1, z: 0.008333334}
  m_Children:
  - {fileID: 4707557291102304913}
  - {fileID: 2416328432108914611}
  - {fileID: 5105886394220093526}
  - {fileID: 1311310926433477151}
  - {fileID: 5105886394608099372}
  - {fileID: 1311310927583980652}
  - {fileID: 5454153060595784398}
  - {fileID: 2957434373197839082}
  - {fileID: 1040417323086388890}
  - {fileID: 9182151883995887118}
  - {fileID: 1853380242580011183}
  - {fileID: 2799556225011955597}
  m_Father: {fileID: 3538357824162889510}
  m_RootOrder: 0
  m_LocalEulerAnglesHint: {x: 0, y: 0, z: 0}
--- !u!1 &3647331448732384456
GameObject:
  m_ObjectHideFlags: 0
  m_CorrespondingSourceObject: {fileID: 0}
  m_PrefabInstance: {fileID: 0}
  m_PrefabAsset: {fileID: 0}
  serializedVersion: 6
  m_Component:
  - component: {fileID: 2416328432108914611}
  m_Layer: 0
  m_Name: BLOCKS------------------
  m_TagString: Untagged
  m_Icon: {fileID: 0}
  m_NavMeshLayer: 0
  m_StaticEditorFlags: 0
  m_IsActive: 1
--- !u!4 &2416328432108914611
Transform:
  m_ObjectHideFlags: 0
  m_CorrespondingSourceObject: {fileID: 0}
  m_PrefabInstance: {fileID: 0}
  m_PrefabAsset: {fileID: 0}
  m_GameObject: {fileID: 3647331448732384456}
  m_LocalRotation: {x: -0, y: -0, z: -0, w: 1}
  m_LocalPosition: {x: 0, y: 0, z: 0}
  m_LocalScale: {x: 1, y: 1, z: 1}
  m_Children: []
  m_Father: {fileID: 8092455225868875984}
  m_RootOrder: 1
  m_LocalEulerAnglesHint: {x: 0, y: 0, z: 0}
--- !u!1001 &93708729750734272
PrefabInstance:
  m_ObjectHideFlags: 0
  serializedVersion: 2
  m_Modification:
    m_TransformParent: {fileID: 8092455225868875984}
    m_Modifications:
    - target: {fileID: 1798180988905340270, guid: 92f04d658fc5729429a8e386fc587bc4,
        type: 3}
      propertyPath: m_Name
      value: Block (9)
      objectReference: {fileID: 0}
    - target: {fileID: 1798180988905340271, guid: 92f04d658fc5729429a8e386fc587bc4,
        type: 3}
      propertyPath: m_LocalPosition.x
      value: 4
      objectReference: {fileID: 0}
    - target: {fileID: 1798180988905340271, guid: 92f04d658fc5729429a8e386fc587bc4,
        type: 3}
      propertyPath: m_LocalPosition.y
      value: 0
      objectReference: {fileID: 0}
    - target: {fileID: 1798180988905340271, guid: 92f04d658fc5729429a8e386fc587bc4,
        type: 3}
      propertyPath: m_LocalPosition.z
      value: 20
      objectReference: {fileID: 0}
    - target: {fileID: 1798180988905340271, guid: 92f04d658fc5729429a8e386fc587bc4,
        type: 3}
      propertyPath: m_LocalRotation.x
      value: -0
      objectReference: {fileID: 0}
    - target: {fileID: 1798180988905340271, guid: 92f04d658fc5729429a8e386fc587bc4,
        type: 3}
      propertyPath: m_LocalRotation.y
      value: -0
      objectReference: {fileID: 0}
    - target: {fileID: 1798180988905340271, guid: 92f04d658fc5729429a8e386fc587bc4,
        type: 3}
      propertyPath: m_LocalRotation.z
      value: -0
      objectReference: {fileID: 0}
    - target: {fileID: 1798180988905340271, guid: 92f04d658fc5729429a8e386fc587bc4,
        type: 3}
      propertyPath: m_LocalRotation.w
      value: 1
      objectReference: {fileID: 0}
    - target: {fileID: 1798180988905340271, guid: 92f04d658fc5729429a8e386fc587bc4,
        type: 3}
      propertyPath: m_RootOrder
      value: 10
      objectReference: {fileID: 0}
    - target: {fileID: 1798180988905340271, guid: 92f04d658fc5729429a8e386fc587bc4,
        type: 3}
      propertyPath: m_LocalEulerAnglesHint.x
      value: 0
      objectReference: {fileID: 0}
    - target: {fileID: 1798180988905340271, guid: 92f04d658fc5729429a8e386fc587bc4,
        type: 3}
      propertyPath: m_LocalEulerAnglesHint.y
      value: 0
      objectReference: {fileID: 0}
    - target: {fileID: 1798180988905340271, guid: 92f04d658fc5729429a8e386fc587bc4,
        type: 3}
      propertyPath: m_LocalEulerAnglesHint.z
      value: 0
      objectReference: {fileID: 0}
    - target: {fileID: 1798180988905340271, guid: 92f04d658fc5729429a8e386fc587bc4,
        type: 3}
      propertyPath: m_LocalScale.x
      value: 5
      objectReference: {fileID: 0}
    - target: {fileID: 1798180988905340271, guid: 92f04d658fc5729429a8e386fc587bc4,
        type: 3}
      propertyPath: m_LocalScale.z
      value: 5
      objectReference: {fileID: 0}
    - target: {fileID: 9104121674958625806, guid: 92f04d658fc5729429a8e386fc587bc4,
        type: 3}
      propertyPath: m_Size.x
      value: 0.7
      objectReference: {fileID: 0}
    m_RemovedComponents: []
  m_SourcePrefab: {fileID: 100100000, guid: 92f04d658fc5729429a8e386fc587bc4, type: 3}
--- !u!4 &1853380242580011183 stripped
Transform:
  m_CorrespondingSourceObject: {fileID: 1798180988905340271, guid: 92f04d658fc5729429a8e386fc587bc4,
    type: 3}
  m_PrefabInstance: {fileID: 93708729750734272}
  m_PrefabAsset: {fileID: 0}
--- !u!1001 &1622459278225449973
PrefabInstance:
  m_ObjectHideFlags: 0
  serializedVersion: 2
  m_Modification:
    m_TransformParent: {fileID: 8092455225868875984}
    m_Modifications:
    - target: {fileID: 1798180988905340270, guid: 92f04d658fc5729429a8e386fc587bc4,
        type: 3}
      propertyPath: m_Name
      value: Block (8)
      objectReference: {fileID: 0}
    - target: {fileID: 1798180988905340271, guid: 92f04d658fc5729429a8e386fc587bc4,
        type: 3}
      propertyPath: m_LocalPosition.x
      value: -4
      objectReference: {fileID: 0}
    - target: {fileID: 1798180988905340271, guid: 92f04d658fc5729429a8e386fc587bc4,
        type: 3}
      propertyPath: m_LocalPosition.y
      value: 0
      objectReference: {fileID: 0}
    - target: {fileID: 1798180988905340271, guid: 92f04d658fc5729429a8e386fc587bc4,
        type: 3}
      propertyPath: m_LocalPosition.z
      value: 20
      objectReference: {fileID: 0}
    - target: {fileID: 1798180988905340271, guid: 92f04d658fc5729429a8e386fc587bc4,
        type: 3}
      propertyPath: m_LocalRotation.x
      value: -0
      objectReference: {fileID: 0}
    - target: {fileID: 1798180988905340271, guid: 92f04d658fc5729429a8e386fc587bc4,
        type: 3}
      propertyPath: m_LocalRotation.y
      value: -0
      objectReference: {fileID: 0}
    - target: {fileID: 1798180988905340271, guid: 92f04d658fc5729429a8e386fc587bc4,
        type: 3}
      propertyPath: m_LocalRotation.z
      value: -0
      objectReference: {fileID: 0}
    - target: {fileID: 1798180988905340271, guid: 92f04d658fc5729429a8e386fc587bc4,
        type: 3}
      propertyPath: m_LocalRotation.w
      value: 1
      objectReference: {fileID: 0}
    - target: {fileID: 1798180988905340271, guid: 92f04d658fc5729429a8e386fc587bc4,
        type: 3}
      propertyPath: m_RootOrder
      value: 8
      objectReference: {fileID: 0}
    - target: {fileID: 1798180988905340271, guid: 92f04d658fc5729429a8e386fc587bc4,
        type: 3}
      propertyPath: m_LocalEulerAnglesHint.x
      value: 0
      objectReference: {fileID: 0}
    - target: {fileID: 1798180988905340271, guid: 92f04d658fc5729429a8e386fc587bc4,
        type: 3}
      propertyPath: m_LocalEulerAnglesHint.y
      value: 0
      objectReference: {fileID: 0}
    - target: {fileID: 1798180988905340271, guid: 92f04d658fc5729429a8e386fc587bc4,
        type: 3}
      propertyPath: m_LocalEulerAnglesHint.z
      value: 0
      objectReference: {fileID: 0}
    - target: {fileID: 1798180988905340271, guid: 92f04d658fc5729429a8e386fc587bc4,
        type: 3}
      propertyPath: m_LocalScale.x
      value: 5
      objectReference: {fileID: 0}
    - target: {fileID: 1798180988905340271, guid: 92f04d658fc5729429a8e386fc587bc4,
        type: 3}
      propertyPath: m_LocalScale.z
      value: 5
      objectReference: {fileID: 0}
    - target: {fileID: 9104121674958625806, guid: 92f04d658fc5729429a8e386fc587bc4,
        type: 3}
      propertyPath: m_Size.x
      value: 0.7
      objectReference: {fileID: 0}
    m_RemovedComponents: []
  m_SourcePrefab: {fileID: 100100000, guid: 92f04d658fc5729429a8e386fc587bc4, type: 3}
--- !u!4 &1040417323086388890 stripped
Transform:
  m_CorrespondingSourceObject: {fileID: 1798180988905340271, guid: 92f04d658fc5729429a8e386fc587bc4,
    type: 3}
  m_PrefabInstance: {fileID: 1622459278225449973}
  m_PrefabAsset: {fileID: 0}
--- !u!1001 &3706625911310760838
PrefabInstance:
  m_ObjectHideFlags: 0
  serializedVersion: 2
  m_Modification:
    m_TransformParent: {fileID: 8092455225868875984}
    m_Modifications:
    - target: {fileID: 5484569461751909768, guid: 8d7351dc94e51474a843cbfed9027f74,
        type: 3}
      propertyPath: m_LocalPosition.x
      value: -4
      objectReference: {fileID: 0}
    - target: {fileID: 5484569461751909768, guid: 8d7351dc94e51474a843cbfed9027f74,
        type: 3}
      propertyPath: m_LocalPosition.y
      value: 4
      objectReference: {fileID: 0}
    - target: {fileID: 5484569461751909768, guid: 8d7351dc94e51474a843cbfed9027f74,
        type: 3}
      propertyPath: m_LocalPosition.z
      value: 20
      objectReference: {fileID: 0}
    - target: {fileID: 5484569461751909768, guid: 8d7351dc94e51474a843cbfed9027f74,
        type: 3}
      propertyPath: m_LocalRotation.x
      value: -0
      objectReference: {fileID: 0}
    - target: {fileID: 5484569461751909768, guid: 8d7351dc94e51474a843cbfed9027f74,
        type: 3}
      propertyPath: m_LocalRotation.y
      value: -0
      objectReference: {fileID: 0}
    - target: {fileID: 5484569461751909768, guid: 8d7351dc94e51474a843cbfed9027f74,
        type: 3}
      propertyPath: m_LocalRotation.z
      value: -0
      objectReference: {fileID: 0}
    - target: {fileID: 5484569461751909768, guid: 8d7351dc94e51474a843cbfed9027f74,
        type: 3}
      propertyPath: m_LocalRotation.w
      value: 1
      objectReference: {fileID: 0}
    - target: {fileID: 5484569461751909768, guid: 8d7351dc94e51474a843cbfed9027f74,
        type: 3}
      propertyPath: m_RootOrder
      value: 9
      objectReference: {fileID: 0}
    - target: {fileID: 5484569461751909768, guid: 8d7351dc94e51474a843cbfed9027f74,
        type: 3}
      propertyPath: m_LocalEulerAnglesHint.x
      value: 0
      objectReference: {fileID: 0}
    - target: {fileID: 5484569461751909768, guid: 8d7351dc94e51474a843cbfed9027f74,
        type: 3}
      propertyPath: m_LocalEulerAnglesHint.y
      value: 0
      objectReference: {fileID: 0}
    - target: {fileID: 5484569461751909768, guid: 8d7351dc94e51474a843cbfed9027f74,
        type: 3}
      propertyPath: m_LocalEulerAnglesHint.z
      value: 0
      objectReference: {fileID: 0}
    - target: {fileID: 5484569461751909768, guid: 8d7351dc94e51474a843cbfed9027f74,
        type: 3}
      propertyPath: m_LocalScale.x
      value: 5
      objectReference: {fileID: 0}
    - target: {fileID: 5484569461751909768, guid: 8d7351dc94e51474a843cbfed9027f74,
        type: 3}
      propertyPath: m_LocalScale.z
      value: 6
      objectReference: {fileID: 0}
    - target: {fileID: 5484569461751909769, guid: 8d7351dc94e51474a843cbfed9027f74,
        type: 3}
      propertyPath: m_Name
      value: WallController (9)
      objectReference: {fileID: 0}
    m_RemovedComponents: []
  m_SourcePrefab: {fileID: 100100000, guid: 8d7351dc94e51474a843cbfed9027f74, type: 3}
--- !u!4 &9182151883995887118 stripped
Transform:
  m_CorrespondingSourceObject: {fileID: 5484569461751909768, guid: 8d7351dc94e51474a843cbfed9027f74,
    type: 3}
  m_PrefabInstance: {fileID: 3706625911310760838}
  m_PrefabAsset: {fileID: 0}
--- !u!1001 &6000315717520189345
PrefabInstance:
  m_ObjectHideFlags: 0
  serializedVersion: 2
  m_Modification:
    m_TransformParent: {fileID: 8092455225868875984}
    m_Modifications:
    - target: {fileID: 1798180988905340270, guid: 92f04d658fc5729429a8e386fc587bc4,
        type: 3}
      propertyPath: m_Name
      value: Block (2)
      objectReference: {fileID: 0}
    - target: {fileID: 1798180988905340271, guid: 92f04d658fc5729429a8e386fc587bc4,
        type: 3}
      propertyPath: m_LocalPosition.x
      value: 8
      objectReference: {fileID: 0}
    - target: {fileID: 1798180988905340271, guid: 92f04d658fc5729429a8e386fc587bc4,
        type: 3}
      propertyPath: m_LocalPosition.y
      value: 0
      objectReference: {fileID: 0}
    - target: {fileID: 1798180988905340271, guid: 92f04d658fc5729429a8e386fc587bc4,
        type: 3}
      propertyPath: m_LocalPosition.z
      value: -20
      objectReference: {fileID: 0}
    - target: {fileID: 1798180988905340271, guid: 92f04d658fc5729429a8e386fc587bc4,
        type: 3}
      propertyPath: m_LocalRotation.x
      value: -0
      objectReference: {fileID: 0}
    - target: {fileID: 1798180988905340271, guid: 92f04d658fc5729429a8e386fc587bc4,
        type: 3}
      propertyPath: m_LocalRotation.y
      value: -0
      objectReference: {fileID: 0}
    - target: {fileID: 1798180988905340271, guid: 92f04d658fc5729429a8e386fc587bc4,
        type: 3}
      propertyPath: m_LocalRotation.z
      value: -0
      objectReference: {fileID: 0}
    - target: {fileID: 1798180988905340271, guid: 92f04d658fc5729429a8e386fc587bc4,
        type: 3}
      propertyPath: m_LocalRotation.w
      value: 1
      objectReference: {fileID: 0}
    - target: {fileID: 1798180988905340271, guid: 92f04d658fc5729429a8e386fc587bc4,
        type: 3}
      propertyPath: m_RootOrder
      value: 6
      objectReference: {fileID: 0}
    - target: {fileID: 1798180988905340271, guid: 92f04d658fc5729429a8e386fc587bc4,
        type: 3}
      propertyPath: m_LocalEulerAnglesHint.x
      value: 0
      objectReference: {fileID: 0}
    - target: {fileID: 1798180988905340271, guid: 92f04d658fc5729429a8e386fc587bc4,
        type: 3}
      propertyPath: m_LocalEulerAnglesHint.y
      value: 0
      objectReference: {fileID: 0}
    - target: {fileID: 1798180988905340271, guid: 92f04d658fc5729429a8e386fc587bc4,
        type: 3}
      propertyPath: m_LocalEulerAnglesHint.z
      value: 0
      objectReference: {fileID: 0}
    - target: {fileID: 1798180988905340271, guid: 92f04d658fc5729429a8e386fc587bc4,
        type: 3}
      propertyPath: m_LocalScale.x
      value: 5
      objectReference: {fileID: 0}
    - target: {fileID: 1798180988905340271, guid: 92f04d658fc5729429a8e386fc587bc4,
        type: 3}
      propertyPath: m_LocalScale.z
      value: 5
      objectReference: {fileID: 0}
    - target: {fileID: 9104121674958625806, guid: 92f04d658fc5729429a8e386fc587bc4,
        type: 3}
      propertyPath: m_Size.x
      value: 0.7
      objectReference: {fileID: 0}
    m_RemovedComponents: []
  m_SourcePrefab: {fileID: 100100000, guid: 92f04d658fc5729429a8e386fc587bc4, type: 3}
--- !u!4 &5454153060595784398 stripped
Transform:
  m_CorrespondingSourceObject: {fileID: 1798180988905340271, guid: 92f04d658fc5729429a8e386fc587bc4,
    type: 3}
  m_PrefabInstance: {fileID: 6000315717520189345}
  m_PrefabAsset: {fileID: 0}
--- !u!1001 &6786832874783710521
PrefabInstance:
  m_ObjectHideFlags: 0
  serializedVersion: 2
  m_Modification:
    m_TransformParent: {fileID: 8092455225868875984}
    m_Modifications:
    - target: {fileID: 1798180988905340270, guid: 92f04d658fc5729429a8e386fc587bc4,
        type: 3}
      propertyPath: m_Name
      value: Block (1)
      objectReference: {fileID: 0}
    - target: {fileID: 1798180988905340271, guid: 92f04d658fc5729429a8e386fc587bc4,
        type: 3}
      propertyPath: m_LocalPosition.x
      value: -8
      objectReference: {fileID: 0}
    - target: {fileID: 1798180988905340271, guid: 92f04d658fc5729429a8e386fc587bc4,
        type: 3}
      propertyPath: m_LocalPosition.y
      value: 0
      objectReference: {fileID: 0}
    - target: {fileID: 1798180988905340271, guid: 92f04d658fc5729429a8e386fc587bc4,
        type: 3}
      propertyPath: m_LocalPosition.z
      value: -20
      objectReference: {fileID: 0}
    - target: {fileID: 1798180988905340271, guid: 92f04d658fc5729429a8e386fc587bc4,
        type: 3}
      propertyPath: m_LocalRotation.x
      value: -0
      objectReference: {fileID: 0}
    - target: {fileID: 1798180988905340271, guid: 92f04d658fc5729429a8e386fc587bc4,
        type: 3}
      propertyPath: m_LocalRotation.y
      value: -0
      objectReference: {fileID: 0}
    - target: {fileID: 1798180988905340271, guid: 92f04d658fc5729429a8e386fc587bc4,
        type: 3}
      propertyPath: m_LocalRotation.z
      value: -0
      objectReference: {fileID: 0}
    - target: {fileID: 1798180988905340271, guid: 92f04d658fc5729429a8e386fc587bc4,
        type: 3}
      propertyPath: m_LocalRotation.w
      value: 1
      objectReference: {fileID: 0}
    - target: {fileID: 1798180988905340271, guid: 92f04d658fc5729429a8e386fc587bc4,
        type: 3}
      propertyPath: m_RootOrder
      value: 2
      objectReference: {fileID: 0}
    - target: {fileID: 1798180988905340271, guid: 92f04d658fc5729429a8e386fc587bc4,
        type: 3}
      propertyPath: m_LocalEulerAnglesHint.x
      value: 0
      objectReference: {fileID: 0}
    - target: {fileID: 1798180988905340271, guid: 92f04d658fc5729429a8e386fc587bc4,
        type: 3}
      propertyPath: m_LocalEulerAnglesHint.y
      value: 0
      objectReference: {fileID: 0}
    - target: {fileID: 1798180988905340271, guid: 92f04d658fc5729429a8e386fc587bc4,
        type: 3}
      propertyPath: m_LocalEulerAnglesHint.z
      value: 0
      objectReference: {fileID: 0}
    - target: {fileID: 1798180988905340271, guid: 92f04d658fc5729429a8e386fc587bc4,
        type: 3}
      propertyPath: m_LocalScale.x
      value: 5
      objectReference: {fileID: 0}
    - target: {fileID: 1798180988905340271, guid: 92f04d658fc5729429a8e386fc587bc4,
        type: 3}
      propertyPath: m_LocalScale.z
      value: 5
      objectReference: {fileID: 0}
    - target: {fileID: 9104121674958625806, guid: 92f04d658fc5729429a8e386fc587bc4,
        type: 3}
      propertyPath: m_Size.x
      value: 0.7
      objectReference: {fileID: 0}
    m_RemovedComponents: []
  m_SourcePrefab: {fileID: 100100000, guid: 92f04d658fc5729429a8e386fc587bc4, type: 3}
--- !u!4 &5105886394220093526 stripped
Transform:
  m_CorrespondingSourceObject: {fileID: 1798180988905340271, guid: 92f04d658fc5729429a8e386fc587bc4,
    type: 3}
  m_PrefabInstance: {fileID: 6786832874783710521}
  m_PrefabAsset: {fileID: 0}
--- !u!1001 &6786832874920058179
PrefabInstance:
  m_ObjectHideFlags: 0
  serializedVersion: 2
  m_Modification:
    m_TransformParent: {fileID: 8092455225868875984}
    m_Modifications:
    - target: {fileID: 1798180988905340270, guid: 92f04d658fc5729429a8e386fc587bc4,
        type: 3}
      propertyPath: m_Name
      value: Block
      objectReference: {fileID: 0}
    - target: {fileID: 1798180988905340271, guid: 92f04d658fc5729429a8e386fc587bc4,
        type: 3}
      propertyPath: m_LocalPosition.x
      value: 0
      objectReference: {fileID: 0}
    - target: {fileID: 1798180988905340271, guid: 92f04d658fc5729429a8e386fc587bc4,
        type: 3}
      propertyPath: m_LocalPosition.y
      value: 0
      objectReference: {fileID: 0}
    - target: {fileID: 1798180988905340271, guid: 92f04d658fc5729429a8e386fc587bc4,
        type: 3}
      propertyPath: m_LocalPosition.z
      value: -20
      objectReference: {fileID: 0}
    - target: {fileID: 1798180988905340271, guid: 92f04d658fc5729429a8e386fc587bc4,
        type: 3}
      propertyPath: m_LocalRotation.x
      value: -0
      objectReference: {fileID: 0}
    - target: {fileID: 1798180988905340271, guid: 92f04d658fc5729429a8e386fc587bc4,
        type: 3}
      propertyPath: m_LocalRotation.y
      value: -0
      objectReference: {fileID: 0}
    - target: {fileID: 1798180988905340271, guid: 92f04d658fc5729429a8e386fc587bc4,
        type: 3}
      propertyPath: m_LocalRotation.z
      value: -0
      objectReference: {fileID: 0}
    - target: {fileID: 1798180988905340271, guid: 92f04d658fc5729429a8e386fc587bc4,
        type: 3}
      propertyPath: m_LocalRotation.w
      value: 1
      objectReference: {fileID: 0}
    - target: {fileID: 1798180988905340271, guid: 92f04d658fc5729429a8e386fc587bc4,
        type: 3}
      propertyPath: m_RootOrder
      value: 4
      objectReference: {fileID: 0}
    - target: {fileID: 1798180988905340271, guid: 92f04d658fc5729429a8e386fc587bc4,
        type: 3}
      propertyPath: m_LocalEulerAnglesHint.x
      value: 0
      objectReference: {fileID: 0}
    - target: {fileID: 1798180988905340271, guid: 92f04d658fc5729429a8e386fc587bc4,
        type: 3}
      propertyPath: m_LocalEulerAnglesHint.y
      value: 0
      objectReference: {fileID: 0}
    - target: {fileID: 1798180988905340271, guid: 92f04d658fc5729429a8e386fc587bc4,
        type: 3}
      propertyPath: m_LocalEulerAnglesHint.z
      value: 0
      objectReference: {fileID: 0}
    - target: {fileID: 1798180988905340271, guid: 92f04d658fc5729429a8e386fc587bc4,
        type: 3}
      propertyPath: m_LocalScale.x
      value: 5
      objectReference: {fileID: 0}
    - target: {fileID: 1798180988905340271, guid: 92f04d658fc5729429a8e386fc587bc4,
        type: 3}
      propertyPath: m_LocalScale.z
      value: 5
      objectReference: {fileID: 0}
    - target: {fileID: 9104121674958625806, guid: 92f04d658fc5729429a8e386fc587bc4,
        type: 3}
      propertyPath: m_Size.x
      value: 0.7
      objectReference: {fileID: 0}
    m_RemovedComponents: []
  m_SourcePrefab: {fileID: 100100000, guid: 92f04d658fc5729429a8e386fc587bc4, type: 3}
--- !u!4 &5105886394608099372 stripped
Transform:
  m_CorrespondingSourceObject: {fileID: 1798180988905340271, guid: 92f04d658fc5729429a8e386fc587bc4,
    type: 3}
  m_PrefabInstance: {fileID: 6786832874920058179}
  m_PrefabAsset: {fileID: 0}
--- !u!1001 &6786832875348468196
PrefabInstance:
  m_ObjectHideFlags: 0
  serializedVersion: 2
  m_Modification:
    m_TransformParent: {fileID: 8092455225868875984}
    m_Modifications:
    - target: {fileID: 5484569461751909768, guid: 8d7351dc94e51474a843cbfed9027f74,
        type: 3}
      propertyPath: m_LocalPosition.x
      value: 0
      objectReference: {fileID: 0}
    - target: {fileID: 5484569461751909768, guid: 8d7351dc94e51474a843cbfed9027f74,
        type: 3}
      propertyPath: m_LocalPosition.y
      value: 4
      objectReference: {fileID: 0}
    - target: {fileID: 5484569461751909768, guid: 8d7351dc94e51474a843cbfed9027f74,
        type: 3}
      propertyPath: m_LocalPosition.z
      value: -20
      objectReference: {fileID: 0}
    - target: {fileID: 5484569461751909768, guid: 8d7351dc94e51474a843cbfed9027f74,
        type: 3}
      propertyPath: m_LocalRotation.x
      value: -0
      objectReference: {fileID: 0}
    - target: {fileID: 5484569461751909768, guid: 8d7351dc94e51474a843cbfed9027f74,
        type: 3}
      propertyPath: m_LocalRotation.y
      value: -0
      objectReference: {fileID: 0}
    - target: {fileID: 5484569461751909768, guid: 8d7351dc94e51474a843cbfed9027f74,
        type: 3}
      propertyPath: m_LocalRotation.z
      value: -0
      objectReference: {fileID: 0}
    - target: {fileID: 5484569461751909768, guid: 8d7351dc94e51474a843cbfed9027f74,
        type: 3}
      propertyPath: m_LocalRotation.w
      value: 1
      objectReference: {fileID: 0}
    - target: {fileID: 5484569461751909768, guid: 8d7351dc94e51474a843cbfed9027f74,
        type: 3}
      propertyPath: m_RootOrder
      value: 5
      objectReference: {fileID: 0}
    - target: {fileID: 5484569461751909768, guid: 8d7351dc94e51474a843cbfed9027f74,
        type: 3}
      propertyPath: m_LocalEulerAnglesHint.x
      value: 0
      objectReference: {fileID: 0}
    - target: {fileID: 5484569461751909768, guid: 8d7351dc94e51474a843cbfed9027f74,
        type: 3}
      propertyPath: m_LocalEulerAnglesHint.y
      value: 0
      objectReference: {fileID: 0}
    - target: {fileID: 5484569461751909768, guid: 8d7351dc94e51474a843cbfed9027f74,
        type: 3}
      propertyPath: m_LocalEulerAnglesHint.z
      value: 0
      objectReference: {fileID: 0}
    - target: {fileID: 5484569461751909768, guid: 8d7351dc94e51474a843cbfed9027f74,
        type: 3}
      propertyPath: m_LocalScale.x
      value: 5
      objectReference: {fileID: 0}
    - target: {fileID: 5484569461751909768, guid: 8d7351dc94e51474a843cbfed9027f74,
        type: 3}
      propertyPath: m_LocalScale.z
      value: 6
      objectReference: {fileID: 0}
    - target: {fileID: 5484569461751909769, guid: 8d7351dc94e51474a843cbfed9027f74,
        type: 3}
      propertyPath: m_Name
      value: WallController (2)
      objectReference: {fileID: 0}
    m_RemovedComponents: []
  m_SourcePrefab: {fileID: 100100000, guid: 8d7351dc94e51474a843cbfed9027f74, type: 3}
--- !u!4 &1311310927583980652 stripped
Transform:
  m_CorrespondingSourceObject: {fileID: 5484569461751909768, guid: 8d7351dc94e51474a843cbfed9027f74,
    type: 3}
  m_PrefabInstance: {fileID: 6786832875348468196}
  m_PrefabAsset: {fileID: 0}
--- !u!1001 &6786832875631994632
PrefabInstance:
  m_ObjectHideFlags: 0
  serializedVersion: 2
  m_Modification:
    m_TransformParent: {fileID: 8092455225868875984}
    m_Modifications:
    - target: {fileID: 233741901289774633, guid: b1dbaf875e94e2a43b55d721b7d5c3cc,
        type: 3}
      propertyPath: tramboline
      value: 1
      objectReference: {fileID: 0}
    - target: {fileID: 2268467176535956888, guid: b1dbaf875e94e2a43b55d721b7d5c3cc,
        type: 3}
      propertyPath: m_Name
      value: Bomb
      objectReference: {fileID: 0}
    - target: {fileID: 2268467176535956889, guid: b1dbaf875e94e2a43b55d721b7d5c3cc,
        type: 3}
      propertyPath: m_LocalPosition.x
      value: 0
      objectReference: {fileID: 0}
    - target: {fileID: 2268467176535956889, guid: b1dbaf875e94e2a43b55d721b7d5c3cc,
        type: 3}
      propertyPath: m_LocalPosition.y
      value: 0
      objectReference: {fileID: 0}
    - target: {fileID: 2268467176535956889, guid: b1dbaf875e94e2a43b55d721b7d5c3cc,
        type: 3}
      propertyPath: m_LocalPosition.z
      value: -45
      objectReference: {fileID: 0}
    - target: {fileID: 2268467176535956889, guid: b1dbaf875e94e2a43b55d721b7d5c3cc,
        type: 3}
      propertyPath: m_LocalRotation.x
      value: -0
      objectReference: {fileID: 0}
    - target: {fileID: 2268467176535956889, guid: b1dbaf875e94e2a43b55d721b7d5c3cc,
        type: 3}
      propertyPath: m_LocalRotation.y
      value: -0
      objectReference: {fileID: 0}
    - target: {fileID: 2268467176535956889, guid: b1dbaf875e94e2a43b55d721b7d5c3cc,
        type: 3}
      propertyPath: m_LocalRotation.z
      value: -0
      objectReference: {fileID: 0}
    - target: {fileID: 2268467176535956889, guid: b1dbaf875e94e2a43b55d721b7d5c3cc,
        type: 3}
      propertyPath: m_LocalRotation.w
      value: 1
      objectReference: {fileID: 0}
    - target: {fileID: 2268467176535956889, guid: b1dbaf875e94e2a43b55d721b7d5c3cc,
        type: 3}
      propertyPath: m_RootOrder
      value: 0
      objectReference: {fileID: 0}
    - target: {fileID: 2268467176535956889, guid: b1dbaf875e94e2a43b55d721b7d5c3cc,
        type: 3}
      propertyPath: m_LocalEulerAnglesHint.x
      value: 0
      objectReference: {fileID: 0}
    - target: {fileID: 2268467176535956889, guid: b1dbaf875e94e2a43b55d721b7d5c3cc,
        type: 3}
      propertyPath: m_LocalEulerAnglesHint.y
      value: 0
      objectReference: {fileID: 0}
    - target: {fileID: 2268467176535956889, guid: b1dbaf875e94e2a43b55d721b7d5c3cc,
        type: 3}
      propertyPath: m_LocalEulerAnglesHint.z
      value: 0
      objectReference: {fileID: 0}
    - target: {fileID: 2268467176535956889, guid: b1dbaf875e94e2a43b55d721b7d5c3cc,
        type: 3}
      propertyPath: m_LocalScale.x
      value: 1
      objectReference: {fileID: 0}
    - target: {fileID: 2268467176535956889, guid: b1dbaf875e94e2a43b55d721b7d5c3cc,
        type: 3}
      propertyPath: m_LocalScale.z
      value: 1
      objectReference: {fileID: 0}
    m_RemovedComponents: []
  m_SourcePrefab: {fileID: 100100000, guid: b1dbaf875e94e2a43b55d721b7d5c3cc, type: 3}
--- !u!4 &4707557291102304913 stripped
Transform:
  m_CorrespondingSourceObject: {fileID: 2268467176535956889, guid: b1dbaf875e94e2a43b55d721b7d5c3cc,
    type: 3}
  m_PrefabInstance: {fileID: 6786832875631994632}
  m_PrefabAsset: {fileID: 0}
--- !u!1001 &6786832876362690455
PrefabInstance:
  m_ObjectHideFlags: 0
  serializedVersion: 2
  m_Modification:
    m_TransformParent: {fileID: 8092455225868875984}
    m_Modifications:
    - target: {fileID: 5484569461751909768, guid: 8d7351dc94e51474a843cbfed9027f74,
        type: 3}
      propertyPath: m_LocalPosition.x
      value: -8
      objectReference: {fileID: 0}
    - target: {fileID: 5484569461751909768, guid: 8d7351dc94e51474a843cbfed9027f74,
        type: 3}
      propertyPath: m_LocalPosition.y
      value: 4
      objectReference: {fileID: 0}
    - target: {fileID: 5484569461751909768, guid: 8d7351dc94e51474a843cbfed9027f74,
        type: 3}
      propertyPath: m_LocalPosition.z
      value: -20
      objectReference: {fileID: 0}
    - target: {fileID: 5484569461751909768, guid: 8d7351dc94e51474a843cbfed9027f74,
        type: 3}
      propertyPath: m_LocalRotation.x
      value: -0
      objectReference: {fileID: 0}
    - target: {fileID: 5484569461751909768, guid: 8d7351dc94e51474a843cbfed9027f74,
        type: 3}
      propertyPath: m_LocalRotation.y
      value: -0
      objectReference: {fileID: 0}
    - target: {fileID: 5484569461751909768, guid: 8d7351dc94e51474a843cbfed9027f74,
        type: 3}
      propertyPath: m_LocalRotation.z
      value: -0
      objectReference: {fileID: 0}
    - target: {fileID: 5484569461751909768, guid: 8d7351dc94e51474a843cbfed9027f74,
        type: 3}
      propertyPath: m_LocalRotation.w
      value: 1
      objectReference: {fileID: 0}
    - target: {fileID: 5484569461751909768, guid: 8d7351dc94e51474a843cbfed9027f74,
        type: 3}
      propertyPath: m_RootOrder
      value: 3
      objectReference: {fileID: 0}
    - target: {fileID: 5484569461751909768, guid: 8d7351dc94e51474a843cbfed9027f74,
        type: 3}
      propertyPath: m_LocalEulerAnglesHint.x
      value: 0
      objectReference: {fileID: 0}
    - target: {fileID: 5484569461751909768, guid: 8d7351dc94e51474a843cbfed9027f74,
        type: 3}
      propertyPath: m_LocalEulerAnglesHint.y
      value: 0
      objectReference: {fileID: 0}
    - target: {fileID: 5484569461751909768, guid: 8d7351dc94e51474a843cbfed9027f74,
        type: 3}
      propertyPath: m_LocalEulerAnglesHint.z
      value: 0
      objectReference: {fileID: 0}
    - target: {fileID: 5484569461751909768, guid: 8d7351dc94e51474a843cbfed9027f74,
        type: 3}
      propertyPath: m_LocalScale.x
      value: 5
      objectReference: {fileID: 0}
    - target: {fileID: 5484569461751909768, guid: 8d7351dc94e51474a843cbfed9027f74,
        type: 3}
      propertyPath: m_LocalScale.z
      value: 6
      objectReference: {fileID: 0}
    - target: {fileID: 5484569461751909769, guid: 8d7351dc94e51474a843cbfed9027f74,
        type: 3}
      propertyPath: m_Name
      value: WallController (1)
      objectReference: {fileID: 0}
    m_RemovedComponents: []
  m_SourcePrefab: {fileID: 100100000, guid: 8d7351dc94e51474a843cbfed9027f74, type: 3}
--- !u!4 &1311310926433477151 stripped
Transform:
  m_CorrespondingSourceObject: {fileID: 5484569461751909768, guid: 8d7351dc94e51474a843cbfed9027f74,
    type: 3}
  m_PrefabInstance: {fileID: 6786832876362690455}
  m_PrefabAsset: {fileID: 0}
--- !u!1001 &7284555051464472418
PrefabInstance:
  m_ObjectHideFlags: 0
  serializedVersion: 2
  m_Modification:
    m_TransformParent: {fileID: 8092455225868875984}
    m_Modifications:
    - target: {fileID: 5484569461751909768, guid: 8d7351dc94e51474a843cbfed9027f74,
        type: 3}
      propertyPath: m_LocalPosition.x
      value: 8
      objectReference: {fileID: 0}
    - target: {fileID: 5484569461751909768, guid: 8d7351dc94e51474a843cbfed9027f74,
        type: 3}
      propertyPath: m_LocalPosition.y
      value: 4
      objectReference: {fileID: 0}
    - target: {fileID: 5484569461751909768, guid: 8d7351dc94e51474a843cbfed9027f74,
        type: 3}
      propertyPath: m_LocalPosition.z
      value: -20
      objectReference: {fileID: 0}
    - target: {fileID: 5484569461751909768, guid: 8d7351dc94e51474a843cbfed9027f74,
        type: 3}
      propertyPath: m_LocalRotation.x
      value: -0
      objectReference: {fileID: 0}
    - target: {fileID: 5484569461751909768, guid: 8d7351dc94e51474a843cbfed9027f74,
        type: 3}
      propertyPath: m_LocalRotation.y
      value: -0
      objectReference: {fileID: 0}
    - target: {fileID: 5484569461751909768, guid: 8d7351dc94e51474a843cbfed9027f74,
        type: 3}
      propertyPath: m_LocalRotation.z
      value: -0
      objectReference: {fileID: 0}
    - target: {fileID: 5484569461751909768, guid: 8d7351dc94e51474a843cbfed9027f74,
        type: 3}
      propertyPath: m_LocalRotation.w
      value: 1
      objectReference: {fileID: 0}
    - target: {fileID: 5484569461751909768, guid: 8d7351dc94e51474a843cbfed9027f74,
        type: 3}
      propertyPath: m_RootOrder
      value: 7
      objectReference: {fileID: 0}
    - target: {fileID: 5484569461751909768, guid: 8d7351dc94e51474a843cbfed9027f74,
        type: 3}
      propertyPath: m_LocalEulerAnglesHint.x
      value: 0
      objectReference: {fileID: 0}
    - target: {fileID: 5484569461751909768, guid: 8d7351dc94e51474a843cbfed9027f74,
        type: 3}
      propertyPath: m_LocalEulerAnglesHint.y
      value: 0
      objectReference: {fileID: 0}
    - target: {fileID: 5484569461751909768, guid: 8d7351dc94e51474a843cbfed9027f74,
        type: 3}
      propertyPath: m_LocalEulerAnglesHint.z
      value: 0
      objectReference: {fileID: 0}
    - target: {fileID: 5484569461751909768, guid: 8d7351dc94e51474a843cbfed9027f74,
        type: 3}
      propertyPath: m_LocalScale.x
      value: 5
      objectReference: {fileID: 0}
    - target: {fileID: 5484569461751909768, guid: 8d7351dc94e51474a843cbfed9027f74,
        type: 3}
      propertyPath: m_LocalScale.z
      value: 6
      objectReference: {fileID: 0}
    - target: {fileID: 5484569461751909769, guid: 8d7351dc94e51474a843cbfed9027f74,
        type: 3}
      propertyPath: m_Name
      value: WallController (3)
      objectReference: {fileID: 0}
    m_RemovedComponents: []
  m_SourcePrefab: {fileID: 100100000, guid: 8d7351dc94e51474a843cbfed9027f74, type: 3}
--- !u!4 &2957434373197839082 stripped
Transform:
  m_CorrespondingSourceObject: {fileID: 5484569461751909768, guid: 8d7351dc94e51474a843cbfed9027f74,
    type: 3}
  m_PrefabInstance: {fileID: 7284555051464472418}
  m_PrefabAsset: {fileID: 0}
--- !u!1001 &7694152917401451013
PrefabInstance:
  m_ObjectHideFlags: 0
  serializedVersion: 2
  m_Modification:
    m_TransformParent: {fileID: 8092455225868875984}
    m_Modifications:
    - target: {fileID: 5484569461751909768, guid: 8d7351dc94e51474a843cbfed9027f74,
        type: 3}
      propertyPath: m_LocalPosition.x
      value: 4
      objectReference: {fileID: 0}
    - target: {fileID: 5484569461751909768, guid: 8d7351dc94e51474a843cbfed9027f74,
        type: 3}
      propertyPath: m_LocalPosition.y
      value: 4
      objectReference: {fileID: 0}
    - target: {fileID: 5484569461751909768, guid: 8d7351dc94e51474a843cbfed9027f74,
        type: 3}
      propertyPath: m_LocalPosition.z
      value: 20
      objectReference: {fileID: 0}
    - target: {fileID: 5484569461751909768, guid: 8d7351dc94e51474a843cbfed9027f74,
        type: 3}
      propertyPath: m_LocalRotation.x
      value: -0
      objectReference: {fileID: 0}
    - target: {fileID: 5484569461751909768, guid: 8d7351dc94e51474a843cbfed9027f74,
        type: 3}
      propertyPath: m_LocalRotation.y
      value: -0
      objectReference: {fileID: 0}
    - target: {fileID: 5484569461751909768, guid: 8d7351dc94e51474a843cbfed9027f74,
        type: 3}
      propertyPath: m_LocalRotation.z
      value: -0
      objectReference: {fileID: 0}
    - target: {fileID: 5484569461751909768, guid: 8d7351dc94e51474a843cbfed9027f74,
        type: 3}
      propertyPath: m_LocalRotation.w
      value: 1
      objectReference: {fileID: 0}
    - target: {fileID: 5484569461751909768, guid: 8d7351dc94e51474a843cbfed9027f74,
        type: 3}
      propertyPath: m_RootOrder
      value: 11
      objectReference: {fileID: 0}
    - target: {fileID: 5484569461751909768, guid: 8d7351dc94e51474a843cbfed9027f74,
        type: 3}
      propertyPath: m_LocalEulerAnglesHint.x
      value: 0
      objectReference: {fileID: 0}
    - target: {fileID: 5484569461751909768, guid: 8d7351dc94e51474a843cbfed9027f74,
        type: 3}
      propertyPath: m_LocalEulerAnglesHint.y
      value: 0
      objectReference: {fileID: 0}
    - target: {fileID: 5484569461751909768, guid: 8d7351dc94e51474a843cbfed9027f74,
        type: 3}
      propertyPath: m_LocalEulerAnglesHint.z
      value: 0
      objectReference: {fileID: 0}
    - target: {fileID: 5484569461751909768, guid: 8d7351dc94e51474a843cbfed9027f74,
        type: 3}
      propertyPath: m_LocalScale.x
      value: 5
      objectReference: {fileID: 0}
    - target: {fileID: 5484569461751909768, guid: 8d7351dc94e51474a843cbfed9027f74,
        type: 3}
      propertyPath: m_LocalScale.z
      value: 6
      objectReference: {fileID: 0}
    - target: {fileID: 5484569461751909769, guid: 8d7351dc94e51474a843cbfed9027f74,
        type: 3}
      propertyPath: m_Name
      value: WallController (10)
      objectReference: {fileID: 0}
    m_RemovedComponents: []
  m_SourcePrefab: {fileID: 100100000, guid: 8d7351dc94e51474a843cbfed9027f74, type: 3}
--- !u!4 &2799556225011955597 stripped
Transform:
  m_CorrespondingSourceObject: {fileID: 5484569461751909768, guid: 8d7351dc94e51474a843cbfed9027f74,
    type: 3}
  m_PrefabInstance: {fileID: 7694152917401451013}
  m_PrefabAsset: {fileID: 0}
