%YAML 1.1
%TAG !u! tag:unity3d.com,2011:
--- !u!1 &4706140568069849147
GameObject:
  m_ObjectHideFlags: 0
  m_CorrespondingSourceObject: {fileID: 0}
  m_PrefabInstance: {fileID: 0}
  m_PrefabAsset: {fileID: 0}
  serializedVersion: 6
  m_Component:
  - component: {fileID: 4706140568069849146}
  - component: {fileID: 5440154266216058628}
  - component: {fileID: 2674496142393369044}
  - component: {fileID: 1024044919825121441}
  m_Layer: 0
  m_Name: PlatformWithEnemy
  m_TagString: WillDestroy
  m_Icon: {fileID: 0}
  m_NavMeshLayer: 0
  m_StaticEditorFlags: 0
  m_IsActive: 1
--- !u!4 &4706140568069849146
Transform:
  m_ObjectHideFlags: 0
  m_CorrespondingSourceObject: {fileID: 0}
  m_PrefabInstance: {fileID: 0}
  m_PrefabAsset: {fileID: 0}
  m_GameObject: {fileID: 4706140568069849147}
  m_LocalRotation: {x: 0, y: 0, z: 0, w: 1}
  m_LocalPosition: {x: 0, y: 5, z: 20}
  m_LocalScale: {x: 1, y: 1, z: 1}
  m_Children:
  - {fileID: 996474951577862174}
  - {fileID: 5658417362523137089}
  - {fileID: 5658417363324581804}
  - {fileID: 6237652941950358787}
  - {fileID: 6275911331135536761}
  - {fileID: 5344836120899194417}
  - {fileID: 2934846060122699218}
  m_Father: {fileID: 0}
  m_RootOrder: 0
  m_LocalEulerAnglesHint: {x: 0, y: 0, z: 0}
--- !u!65 &5440154266216058628
BoxCollider:
  m_ObjectHideFlags: 0
  m_CorrespondingSourceObject: {fileID: 0}
  m_PrefabInstance: {fileID: 0}
  m_PrefabAsset: {fileID: 0}
  m_GameObject: {fileID: 4706140568069849147}
  m_Material: {fileID: 0}
  m_IsTrigger: 1
  m_Enabled: 1
  serializedVersion: 2
  m_Size: {x: 0.5, y: 10, z: 200}
  m_Center: {x: 0, y: 10, z: 40}
--- !u!54 &2674496142393369044
Rigidbody:
  m_ObjectHideFlags: 0
  m_CorrespondingSourceObject: {fileID: 0}
  m_PrefabInstance: {fileID: 0}
  m_PrefabAsset: {fileID: 0}
  m_GameObject: {fileID: 4706140568069849147}
  serializedVersion: 2
  m_Mass: 1
  m_Drag: 0
  m_AngularDrag: 0.05
  m_UseGravity: 0
  m_IsKinematic: 1
  m_Interpolate: 0
  m_Constraints: 0
  m_CollisionDetection: 0
--- !u!114 &1024044919825121441
MonoBehaviour:
  m_ObjectHideFlags: 0
  m_CorrespondingSourceObject: {fileID: 0}
  m_PrefabInstance: {fileID: 0}
  m_PrefabAsset: {fileID: 0}
  m_GameObject: {fileID: 4706140568069849147}
  m_Enabled: 1
  m_EditorHideFlags: 0
  m_Script: {fileID: 11500000, guid: 3a3840b7d0d6cfe429275e3041f1a1fa, type: 3}
  m_Name: 
  m_EditorClassIdentifier: 
  IsGameStarted: 0
  EventGameStatus:
    m_PersistentCalls:
      m_Calls: []
  IsStoreCollisions: 0
  IsStoreTriggers: 0
  IsListenTouchEvent: 0
  rb: {fileID: 0}
  EventCollision:
    m_PersistentCalls:
      m_Calls: []
  PrefabName: 
  IsInited: 0
--- !u!1001 &16389050
PrefabInstance:
  m_ObjectHideFlags: 0
  serializedVersion: 2
  m_Modification:
    m_TransformParent: {fileID: 4706140568069849146}
    m_Modifications:
    - target: {fileID: 2934846060136982120, guid: 37534169406154e4ca42a100491e7722,
        type: 3}
      propertyPath: m_LocalPosition.x
      value: 5.6
      objectReference: {fileID: 0}
    - target: {fileID: 2934846060136982120, guid: 37534169406154e4ca42a100491e7722,
        type: 3}
      propertyPath: m_LocalPosition.y
      value: -2.5
      objectReference: {fileID: 0}
    - target: {fileID: 2934846060136982120, guid: 37534169406154e4ca42a100491e7722,
        type: 3}
      propertyPath: m_LocalPosition.z
      value: -13
      objectReference: {fileID: 0}
    - target: {fileID: 2934846060136982120, guid: 37534169406154e4ca42a100491e7722,
        type: 3}
      propertyPath: m_LocalRotation.x
      value: 0
      objectReference: {fileID: 0}
    - target: {fileID: 2934846060136982120, guid: 37534169406154e4ca42a100491e7722,
        type: 3}
      propertyPath: m_LocalRotation.y
      value: 1
      objectReference: {fileID: 0}
    - target: {fileID: 2934846060136982120, guid: 37534169406154e4ca42a100491e7722,
        type: 3}
      propertyPath: m_LocalRotation.z
      value: 0
      objectReference: {fileID: 0}
    - target: {fileID: 2934846060136982120, guid: 37534169406154e4ca42a100491e7722,
        type: 3}
      propertyPath: m_LocalRotation.w
      value: 0
      objectReference: {fileID: 0}
    - target: {fileID: 2934846060136982120, guid: 37534169406154e4ca42a100491e7722,
        type: 3}
      propertyPath: m_RootOrder
      value: 6
      objectReference: {fileID: 0}
    - target: {fileID: 2934846060136982120, guid: 37534169406154e4ca42a100491e7722,
        type: 3}
      propertyPath: m_LocalEulerAnglesHint.x
      value: 0
      objectReference: {fileID: 0}
    - target: {fileID: 2934846060136982120, guid: 37534169406154e4ca42a100491e7722,
        type: 3}
      propertyPath: m_LocalEulerAnglesHint.y
      value: 180
      objectReference: {fileID: 0}
    - target: {fileID: 2934846060136982120, guid: 37534169406154e4ca42a100491e7722,
        type: 3}
      propertyPath: m_LocalEulerAnglesHint.z
      value: 0
      objectReference: {fileID: 0}
    - target: {fileID: 3282563561134706224, guid: 37534169406154e4ca42a100491e7722,
        type: 3}
      propertyPath: m_Name
      value: Enemy2 (3)
      objectReference: {fileID: 0}
    - target: {fileID: 3491025952524276213, guid: 37534169406154e4ca42a100491e7722,
        type: 3}
      propertyPath: isAlive
      value: 1
      objectReference: {fileID: 0}
    m_RemovedComponents: []
  m_SourcePrefab: {fileID: 100100000, guid: 37534169406154e4ca42a100491e7722, type: 3}
--- !u!4 &2934846060122699218 stripped
Transform:
  m_CorrespondingSourceObject: {fileID: 2934846060136982120, guid: 37534169406154e4ca42a100491e7722,
    type: 3}
  m_PrefabInstance: {fileID: 16389050}
  m_PrefabAsset: {fileID: 0}
--- !u!1001 &776589638
PrefabInstance:
  m_ObjectHideFlags: 0
  serializedVersion: 2
  m_Modification:
    m_TransformParent: {fileID: 4706140568069849146}
    m_Modifications:
    - target: {fileID: 1287272898028398252, guid: b5e509801caf4f547abe61af0bfcee5c,
        type: 3}
      propertyPath: m_Name
      value: Wall (1)
      objectReference: {fileID: 0}
    - target: {fileID: 5658417364024485610, guid: b5e509801caf4f547abe61af0bfcee5c,
        type: 3}
      propertyPath: m_LocalPosition.x
      value: -10.51
      objectReference: {fileID: 0}
    - target: {fileID: 5658417364024485610, guid: b5e509801caf4f547abe61af0bfcee5c,
        type: 3}
      propertyPath: m_LocalPosition.y
      value: -2.5
      objectReference: {fileID: 0}
    - target: {fileID: 5658417364024485610, guid: b5e509801caf4f547abe61af0bfcee5c,
        type: 3}
      propertyPath: m_LocalPosition.z
      value: 12.32
      objectReference: {fileID: 0}
    - target: {fileID: 5658417364024485610, guid: b5e509801caf4f547abe61af0bfcee5c,
        type: 3}
      propertyPath: m_LocalRotation.x
      value: -0
      objectReference: {fileID: 0}
    - target: {fileID: 5658417364024485610, guid: b5e509801caf4f547abe61af0bfcee5c,
        type: 3}
      propertyPath: m_LocalRotation.y
      value: -0
      objectReference: {fileID: 0}
    - target: {fileID: 5658417364024485610, guid: b5e509801caf4f547abe61af0bfcee5c,
        type: 3}
      propertyPath: m_LocalRotation.z
      value: -0
      objectReference: {fileID: 0}
    - target: {fileID: 5658417364024485610, guid: b5e509801caf4f547abe61af0bfcee5c,
        type: 3}
      propertyPath: m_LocalRotation.w
      value: 1
      objectReference: {fileID: 0}
    - target: {fileID: 5658417364024485610, guid: b5e509801caf4f547abe61af0bfcee5c,
        type: 3}
      propertyPath: m_RootOrder
      value: 2
      objectReference: {fileID: 0}
    - target: {fileID: 5658417364024485610, guid: b5e509801caf4f547abe61af0bfcee5c,
        type: 3}
      propertyPath: m_LocalEulerAnglesHint.x
      value: 0
      objectReference: {fileID: 0}
    - target: {fileID: 5658417364024485610, guid: b5e509801caf4f547abe61af0bfcee5c,
        type: 3}
      propertyPath: m_LocalEulerAnglesHint.y
      value: 0
      objectReference: {fileID: 0}
    - target: {fileID: 5658417364024485610, guid: b5e509801caf4f547abe61af0bfcee5c,
        type: 3}
      propertyPath: m_LocalEulerAnglesHint.z
      value: 0
      objectReference: {fileID: 0}
    m_RemovedComponents: []
  m_SourcePrefab: {fileID: 100100000, guid: b5e509801caf4f547abe61af0bfcee5c, type: 3}
--- !u!4 &5658417363324581804 stripped
Transform:
  m_CorrespondingSourceObject: {fileID: 5658417364024485610, guid: b5e509801caf4f547abe61af0bfcee5c,
    type: 3}
  m_PrefabInstance: {fileID: 776589638}
  m_PrefabAsset: {fileID: 0}
--- !u!1001 &2039268011
PrefabInstance:
  m_ObjectHideFlags: 0
  serializedVersion: 2
  m_Modification:
    m_TransformParent: {fileID: 4706140568069849146}
    m_Modifications:
    - target: {fileID: 1287272898028398252, guid: b5e509801caf4f547abe61af0bfcee5c,
        type: 3}
      propertyPath: m_Name
      value: Wall
      objectReference: {fileID: 0}
    - target: {fileID: 5658417364024485610, guid: b5e509801caf4f547abe61af0bfcee5c,
        type: 3}
      propertyPath: m_LocalPosition.x
      value: 10.61777
      objectReference: {fileID: 0}
    - target: {fileID: 5658417364024485610, guid: b5e509801caf4f547abe61af0bfcee5c,
        type: 3}
      propertyPath: m_LocalPosition.y
      value: -2.5
      objectReference: {fileID: 0}
    - target: {fileID: 5658417364024485610, guid: b5e509801caf4f547abe61af0bfcee5c,
        type: 3}
      propertyPath: m_LocalPosition.z
      value: -2.974619
      objectReference: {fileID: 0}
    - target: {fileID: 5658417364024485610, guid: b5e509801caf4f547abe61af0bfcee5c,
        type: 3}
      propertyPath: m_LocalRotation.x
      value: -0
      objectReference: {fileID: 0}
    - target: {fileID: 5658417364024485610, guid: b5e509801caf4f547abe61af0bfcee5c,
        type: 3}
      propertyPath: m_LocalRotation.y
      value: -0
      objectReference: {fileID: 0}
    - target: {fileID: 5658417364024485610, guid: b5e509801caf4f547abe61af0bfcee5c,
        type: 3}
      propertyPath: m_LocalRotation.z
      value: -0
      objectReference: {fileID: 0}
    - target: {fileID: 5658417364024485610, guid: b5e509801caf4f547abe61af0bfcee5c,
        type: 3}
      propertyPath: m_LocalRotation.w
      value: 1
      objectReference: {fileID: 0}
    - target: {fileID: 5658417364024485610, guid: b5e509801caf4f547abe61af0bfcee5c,
        type: 3}
      propertyPath: m_RootOrder
      value: 1
      objectReference: {fileID: 0}
    - target: {fileID: 5658417364024485610, guid: b5e509801caf4f547abe61af0bfcee5c,
        type: 3}
      propertyPath: m_LocalEulerAnglesHint.x
      value: 0
      objectReference: {fileID: 0}
    - target: {fileID: 5658417364024485610, guid: b5e509801caf4f547abe61af0bfcee5c,
        type: 3}
      propertyPath: m_LocalEulerAnglesHint.y
      value: 0
      objectReference: {fileID: 0}
    - target: {fileID: 5658417364024485610, guid: b5e509801caf4f547abe61af0bfcee5c,
        type: 3}
      propertyPath: m_LocalEulerAnglesHint.z
      value: 0
      objectReference: {fileID: 0}
    m_RemovedComponents: []
  m_SourcePrefab: {fileID: 100100000, guid: b5e509801caf4f547abe61af0bfcee5c, type: 3}
--- !u!4 &5658417362523137089 stripped
Transform:
  m_CorrespondingSourceObject: {fileID: 5658417364024485610, guid: b5e509801caf4f547abe61af0bfcee5c,
    type: 3}
  m_PrefabInstance: {fileID: 2039268011}
  m_PrefabAsset: {fileID: 0}
--- !u!1001 &2036832669769400374
PrefabInstance:
  m_ObjectHideFlags: 0
  serializedVersion: 2
  m_Modification:
    m_TransformParent: {fileID: 4706140568069849146}
    m_Modifications:
    - target: {fileID: 35269893386746319, guid: fe76dcbd7c26f3346ba9fe22029a8849,
        type: 3}
      propertyPath: m_RootOrder
      value: 6
      objectReference: {fileID: 0}
    - target: {fileID: 812045122443797615, guid: fe76dcbd7c26f3346ba9fe22029a8849,
        type: 3}
      propertyPath: m_RootOrder
      value: 10
      objectReference: {fileID: 0}
    - target: {fileID: 978333302444491168, guid: fe76dcbd7c26f3346ba9fe22029a8849,
        type: 3}
      propertyPath: m_RootOrder
      value: 8
      objectReference: {fileID: 0}
    - target: {fileID: 1359725845974938373, guid: fe76dcbd7c26f3346ba9fe22029a8849,
        type: 3}
      propertyPath: m_RootOrder
      value: 1
      objectReference: {fileID: 0}
    - target: {fileID: 1726681518605718711, guid: fe76dcbd7c26f3346ba9fe22029a8849,
        type: 3}
      propertyPath: m_RootOrder
      value: 7
      objectReference: {fileID: 0}
    - target: {fileID: 1861165620421824894, guid: fe76dcbd7c26f3346ba9fe22029a8849,
        type: 3}
      propertyPath: m_RootOrder
      value: 4
      objectReference: {fileID: 0}
    - target: {fileID: 2136231836074629200, guid: fe76dcbd7c26f3346ba9fe22029a8849,
        type: 3}
      propertyPath: m_RootOrder
      value: 5
      objectReference: {fileID: 0}
    - target: {fileID: 2581704699039021644, guid: fe76dcbd7c26f3346ba9fe22029a8849,
        type: 3}
      propertyPath: m_RootOrder
      value: 4
      objectReference: {fileID: 0}
    - target: {fileID: 2746362787717407552, guid: fe76dcbd7c26f3346ba9fe22029a8849,
        type: 3}
      propertyPath: m_RootOrder
      value: 0
      objectReference: {fileID: 0}
    - target: {fileID: 2877835963047692680, guid: fe76dcbd7c26f3346ba9fe22029a8849,
        type: 3}
      propertyPath: m_RootOrder
      value: 3
      objectReference: {fileID: 0}
    - target: {fileID: 2959077668648594134, guid: fe76dcbd7c26f3346ba9fe22029a8849,
        type: 3}
      propertyPath: m_RootOrder
      value: 5
      objectReference: {fileID: 0}
    - target: {fileID: 3197081772640508658, guid: fe76dcbd7c26f3346ba9fe22029a8849,
        type: 3}
      propertyPath: m_RootOrder
      value: 2
      objectReference: {fileID: 0}
    - target: {fileID: 3679626212725294479, guid: fe76dcbd7c26f3346ba9fe22029a8849,
        type: 3}
      propertyPath: m_RootOrder
      value: 7
      objectReference: {fileID: 0}
    - target: {fileID: 4823305158079627690, guid: fe76dcbd7c26f3346ba9fe22029a8849,
        type: 3}
      propertyPath: m_RootOrder
      value: 8
      objectReference: {fileID: 0}
    - target: {fileID: 4970495085477507637, guid: fe76dcbd7c26f3346ba9fe22029a8849,
        type: 3}
      propertyPath: m_RootOrder
      value: 2
      objectReference: {fileID: 0}
    - target: {fileID: 4985400631656105822, guid: fe76dcbd7c26f3346ba9fe22029a8849,
        type: 3}
      propertyPath: m_Name
      value: CubePlane
      objectReference: {fileID: 0}
    - target: {fileID: 5103168725938819098, guid: fe76dcbd7c26f3346ba9fe22029a8849,
        type: 3}
      propertyPath: m_RootOrder
      value: 9
      objectReference: {fileID: 0}
    - target: {fileID: 5435718893855770734, guid: fe76dcbd7c26f3346ba9fe22029a8849,
        type: 3}
      propertyPath: m_RootOrder
      value: 6
      objectReference: {fileID: 0}
    - target: {fileID: 6092685494335833197, guid: fe76dcbd7c26f3346ba9fe22029a8849,
        type: 3}
      propertyPath: m_RootOrder
      value: 10
      objectReference: {fileID: 0}
    - target: {fileID: 6226477894044716551, guid: fe76dcbd7c26f3346ba9fe22029a8849,
        type: 3}
      propertyPath: m_LocalPosition.x
      value: 0
      objectReference: {fileID: 0}
    - target: {fileID: 6226477894044716551, guid: fe76dcbd7c26f3346ba9fe22029a8849,
        type: 3}
      propertyPath: m_LocalPosition.y
      value: -5
      objectReference: {fileID: 0}
    - target: {fileID: 6226477894044716551, guid: fe76dcbd7c26f3346ba9fe22029a8849,
        type: 3}
      propertyPath: m_LocalPosition.z
      value: 0
      objectReference: {fileID: 0}
    - target: {fileID: 6226477894044716551, guid: fe76dcbd7c26f3346ba9fe22029a8849,
        type: 3}
      propertyPath: m_LocalRotation.x
      value: 0
      objectReference: {fileID: 0}
    - target: {fileID: 6226477894044716551, guid: fe76dcbd7c26f3346ba9fe22029a8849,
        type: 3}
      propertyPath: m_LocalRotation.y
      value: 0
      objectReference: {fileID: 0}
    - target: {fileID: 6226477894044716551, guid: fe76dcbd7c26f3346ba9fe22029a8849,
        type: 3}
      propertyPath: m_LocalRotation.z
      value: 0
      objectReference: {fileID: 0}
    - target: {fileID: 6226477894044716551, guid: fe76dcbd7c26f3346ba9fe22029a8849,
        type: 3}
      propertyPath: m_LocalRotation.w
      value: 1
      objectReference: {fileID: 0}
    - target: {fileID: 6226477894044716551, guid: fe76dcbd7c26f3346ba9fe22029a8849,
        type: 3}
      propertyPath: m_RootOrder
      value: 5
      objectReference: {fileID: 0}
    - target: {fileID: 6226477894044716551, guid: fe76dcbd7c26f3346ba9fe22029a8849,
        type: 3}
      propertyPath: m_LocalEulerAnglesHint.x
      value: 0
      objectReference: {fileID: 0}
    - target: {fileID: 6226477894044716551, guid: fe76dcbd7c26f3346ba9fe22029a8849,
        type: 3}
      propertyPath: m_LocalEulerAnglesHint.y
      value: 0
      objectReference: {fileID: 0}
    - target: {fileID: 6226477894044716551, guid: fe76dcbd7c26f3346ba9fe22029a8849,
        type: 3}
      propertyPath: m_LocalEulerAnglesHint.z
      value: 0
      objectReference: {fileID: 0}
    - target: {fileID: 6226477894044716551, guid: fe76dcbd7c26f3346ba9fe22029a8849,
        type: 3}
      propertyPath: m_LocalScale.x
      value: 30
      objectReference: {fileID: 0}
    - target: {fileID: 6361203531239604811, guid: fe76dcbd7c26f3346ba9fe22029a8849,
        type: 3}
      propertyPath: m_RootOrder
      value: 11
      objectReference: {fileID: 0}
    - target: {fileID: 6580506598564252632, guid: fe76dcbd7c26f3346ba9fe22029a8849,
        type: 3}
      propertyPath: m_RootOrder
      value: 0
      objectReference: {fileID: 0}
    - target: {fileID: 7088225907486830276, guid: fe76dcbd7c26f3346ba9fe22029a8849,
        type: 3}
      propertyPath: m_RootOrder
      value: 1
      objectReference: {fileID: 0}
    - target: {fileID: 7447425336880209863, guid: fe76dcbd7c26f3346ba9fe22029a8849,
        type: 3}
      propertyPath: m_RootOrder
      value: 9
      objectReference: {fileID: 0}
    - target: {fileID: 7654504829266857987, guid: fe76dcbd7c26f3346ba9fe22029a8849,
        type: 3}
      propertyPath: m_RootOrder
      value: 3
      objectReference: {fileID: 0}
    m_RemovedComponents: []
  m_SourcePrefab: {fileID: 100100000, guid: fe76dcbd7c26f3346ba9fe22029a8849, type: 3}
--- !u!4 &5344836120899194417 stripped
Transform:
  m_CorrespondingSourceObject: {fileID: 6226477894044716551, guid: fe76dcbd7c26f3346ba9fe22029a8849,
    type: 3}
  m_PrefabInstance: {fileID: 2036832669769400374}
  m_PrefabAsset: {fileID: 0}
--- !u!1001 &2697262832561743478
PrefabInstance:
  m_ObjectHideFlags: 0
  serializedVersion: 2
  m_Modification:
    m_TransformParent: {fileID: 4706140568069849146}
    m_Modifications:
    - target: {fileID: 2934846060136982120, guid: 37534169406154e4ca42a100491e7722,
        type: 3}
      propertyPath: m_LocalPosition.x
      value: -4.32
      objectReference: {fileID: 0}
    - target: {fileID: 2934846060136982120, guid: 37534169406154e4ca42a100491e7722,
        type: 3}
      propertyPath: m_LocalPosition.y
      value: -2.5
      objectReference: {fileID: 0}
    - target: {fileID: 2934846060136982120, guid: 37534169406154e4ca42a100491e7722,
        type: 3}
      propertyPath: m_LocalPosition.z
      value: 8.37
      objectReference: {fileID: 0}
    - target: {fileID: 2934846060136982120, guid: 37534169406154e4ca42a100491e7722,
        type: 3}
      propertyPath: m_LocalRotation.x
      value: 0
      objectReference: {fileID: 0}
    - target: {fileID: 2934846060136982120, guid: 37534169406154e4ca42a100491e7722,
        type: 3}
      propertyPath: m_LocalRotation.y
      value: 1
      objectReference: {fileID: 0}
    - target: {fileID: 2934846060136982120, guid: 37534169406154e4ca42a100491e7722,
        type: 3}
      propertyPath: m_LocalRotation.z
      value: 0
      objectReference: {fileID: 0}
    - target: {fileID: 2934846060136982120, guid: 37534169406154e4ca42a100491e7722,
        type: 3}
      propertyPath: m_LocalRotation.w
      value: 0
      objectReference: {fileID: 0}
    - target: {fileID: 2934846060136982120, guid: 37534169406154e4ca42a100491e7722,
        type: 3}
      propertyPath: m_RootOrder
      value: 0
      objectReference: {fileID: 0}
    - target: {fileID: 2934846060136982120, guid: 37534169406154e4ca42a100491e7722,
        type: 3}
      propertyPath: m_LocalEulerAnglesHint.x
      value: 0
      objectReference: {fileID: 0}
    - target: {fileID: 2934846060136982120, guid: 37534169406154e4ca42a100491e7722,
        type: 3}
      propertyPath: m_LocalEulerAnglesHint.y
      value: 180
      objectReference: {fileID: 0}
    - target: {fileID: 2934846060136982120, guid: 37534169406154e4ca42a100491e7722,
        type: 3}
      propertyPath: m_LocalEulerAnglesHint.z
      value: 0
      objectReference: {fileID: 0}
    - target: {fileID: 3282563561134706224, guid: 37534169406154e4ca42a100491e7722,
        type: 3}
      propertyPath: m_Name
      value: Enemy2
      objectReference: {fileID: 0}
    - target: {fileID: 3491025952524276213, guid: 37534169406154e4ca42a100491e7722,
        type: 3}
      propertyPath: isAlive
      value: 1
      objectReference: {fileID: 0}
    m_RemovedComponents: []
  m_SourcePrefab: {fileID: 100100000, guid: 37534169406154e4ca42a100491e7722, type: 3}
--- !u!4 &996474951577862174 stripped
Transform:
  m_CorrespondingSourceObject: {fileID: 2934846060136982120, guid: 37534169406154e4ca42a100491e7722,
    type: 3}
  m_PrefabInstance: {fileID: 2697262832561743478}
  m_PrefabAsset: {fileID: 0}
--- !u!1001 &9091134582613635947
PrefabInstance:
  m_ObjectHideFlags: 0
  serializedVersion: 2
  m_Modification:
    m_TransformParent: {fileID: 4706140568069849146}
    m_Modifications:
    - target: {fileID: 2934846060136982120, guid: 37534169406154e4ca42a100491e7722,
        type: 3}
      propertyPath: m_LocalPosition.x
      value: 2.77
      objectReference: {fileID: 0}
    - target: {fileID: 2934846060136982120, guid: 37534169406154e4ca42a100491e7722,
        type: 3}
      propertyPath: m_LocalPosition.y
      value: -2.5
      objectReference: {fileID: 0}
    - target: {fileID: 2934846060136982120, guid: 37534169406154e4ca42a100491e7722,
        type: 3}
      propertyPath: m_LocalPosition.z
      value: 1.36
      objectReference: {fileID: 0}
    - target: {fileID: 2934846060136982120, guid: 37534169406154e4ca42a100491e7722,
        type: 3}
      propertyPath: m_LocalRotation.x
      value: 0
      objectReference: {fileID: 0}
    - target: {fileID: 2934846060136982120, guid: 37534169406154e4ca42a100491e7722,
        type: 3}
      propertyPath: m_LocalRotation.y
      value: 1
      objectReference: {fileID: 0}
    - target: {fileID: 2934846060136982120, guid: 37534169406154e4ca42a100491e7722,
        type: 3}
      propertyPath: m_LocalRotation.z
      value: 0
      objectReference: {fileID: 0}
    - target: {fileID: 2934846060136982120, guid: 37534169406154e4ca42a100491e7722,
        type: 3}
      propertyPath: m_LocalRotation.w
      value: 0
      objectReference: {fileID: 0}
    - target: {fileID: 2934846060136982120, guid: 37534169406154e4ca42a100491e7722,
        type: 3}
      propertyPath: m_RootOrder
      value: 3
      objectReference: {fileID: 0}
    - target: {fileID: 2934846060136982120, guid: 37534169406154e4ca42a100491e7722,
        type: 3}
      propertyPath: m_LocalEulerAnglesHint.x
      value: 0
      objectReference: {fileID: 0}
    - target: {fileID: 2934846060136982120, guid: 37534169406154e4ca42a100491e7722,
        type: 3}
      propertyPath: m_LocalEulerAnglesHint.y
      value: 180
      objectReference: {fileID: 0}
    - target: {fileID: 2934846060136982120, guid: 37534169406154e4ca42a100491e7722,
        type: 3}
      propertyPath: m_LocalEulerAnglesHint.z
      value: 0
      objectReference: {fileID: 0}
    - target: {fileID: 3282563561134706224, guid: 37534169406154e4ca42a100491e7722,
        type: 3}
      propertyPath: m_Name
      value: Enemy2 (1)
      objectReference: {fileID: 0}
    - target: {fileID: 3491025952524276213, guid: 37534169406154e4ca42a100491e7722,
        type: 3}
      propertyPath: isAlive
      value: 1
      objectReference: {fileID: 0}
    m_RemovedComponents: []
  m_SourcePrefab: {fileID: 100100000, guid: 37534169406154e4ca42a100491e7722, type: 3}
--- !u!4 &6237652941950358787 stripped
Transform:
  m_CorrespondingSourceObject: {fileID: 2934846060136982120, guid: 37534169406154e4ca42a100491e7722,
    type: 3}
  m_PrefabInstance: {fileID: 9091134582613635947}
  m_PrefabAsset: {fileID: 0}
--- !u!1001 &9196964978224388113
PrefabInstance:
  m_ObjectHideFlags: 0
  serializedVersion: 2
  m_Modification:
    m_TransformParent: {fileID: 4706140568069849146}
    m_Modifications:
    - target: {fileID: 2934846060136982120, guid: 37534169406154e4ca42a100491e7722,
        type: 3}
      propertyPath: m_LocalPosition.x
      value: -2.21
      objectReference: {fileID: 0}
    - target: {fileID: 2934846060136982120, guid: 37534169406154e4ca42a100491e7722,
        type: 3}
      propertyPath: m_LocalPosition.y
      value: -2.5
      objectReference: {fileID: 0}
    - target: {fileID: 2934846060136982120, guid: 37534169406154e4ca42a100491e7722,
        type: 3}
      propertyPath: m_LocalPosition.z
      value: 19.87
      objectReference: {fileID: 0}
    - target: {fileID: 2934846060136982120, guid: 37534169406154e4ca42a100491e7722,
        type: 3}
      propertyPath: m_LocalRotation.x
      value: 0
      objectReference: {fileID: 0}
    - target: {fileID: 2934846060136982120, guid: 37534169406154e4ca42a100491e7722,
        type: 3}
      propertyPath: m_LocalRotation.y
      value: 1
      objectReference: {fileID: 0}
    - target: {fileID: 2934846060136982120, guid: 37534169406154e4ca42a100491e7722,
        type: 3}
      propertyPath: m_LocalRotation.z
      value: 0
      objectReference: {fileID: 0}
    - target: {fileID: 2934846060136982120, guid: 37534169406154e4ca42a100491e7722,
        type: 3}
      propertyPath: m_LocalRotation.w
      value: 0
      objectReference: {fileID: 0}
    - target: {fileID: 2934846060136982120, guid: 37534169406154e4ca42a100491e7722,
        type: 3}
      propertyPath: m_RootOrder
      value: 4
      objectReference: {fileID: 0}
    - target: {fileID: 2934846060136982120, guid: 37534169406154e4ca42a100491e7722,
        type: 3}
      propertyPath: m_LocalEulerAnglesHint.x
      value: 0
      objectReference: {fileID: 0}
    - target: {fileID: 2934846060136982120, guid: 37534169406154e4ca42a100491e7722,
        type: 3}
      propertyPath: m_LocalEulerAnglesHint.y
      value: 180
      objectReference: {fileID: 0}
    - target: {fileID: 2934846060136982120, guid: 37534169406154e4ca42a100491e7722,
        type: 3}
      propertyPath: m_LocalEulerAnglesHint.z
      value: 0
      objectReference: {fileID: 0}
    - target: {fileID: 3282563561134706224, guid: 37534169406154e4ca42a100491e7722,
        type: 3}
      propertyPath: m_Name
      value: Enemy2 (2)
      objectReference: {fileID: 0}
    - target: {fileID: 3491025952524276213, guid: 37534169406154e4ca42a100491e7722,
        type: 3}
      propertyPath: isAlive
      value: 1
      objectReference: {fileID: 0}
    m_RemovedComponents: []
  m_SourcePrefab: {fileID: 100100000, guid: 37534169406154e4ca42a100491e7722, type: 3}
--- !u!4 &6275911331135536761 stripped
Transform:
  m_CorrespondingSourceObject: {fileID: 2934846060136982120, guid: 37534169406154e4ca42a100491e7722,
    type: 3}
  m_PrefabInstance: {fileID: 9196964978224388113}
  m_PrefabAsset: {fileID: 0}
