%YAML 1.1
%TAG !u! tag:unity3d.com,2011:
--- !u!1 &2452987613190893373
GameObject:
  m_ObjectHideFlags: 0
  m_CorrespondingSourceObject: {fileID: 0}
  m_PrefabInstance: {fileID: 0}
  m_PrefabAsset: {fileID: 0}
  serializedVersion: 6
  m_Component:
  - component: {fileID: 8766193758319122646}
  - component: {fileID: 5817714290665960895}
  - component: {fileID: 2633980150708500370}
  - component: {fileID: 7566907678871206051}
  - component: {fileID: 2142489226069153499}
  m_Layer: 0
  m_Name: Text (TMP)
  m_TagString: Untagged
  m_Icon: {fileID: 0}
  m_NavMeshLayer: 0
  m_StaticEditorFlags: 0
  m_IsActive: 1
--- !u!224 &8766193758319122646
RectTransform:
  m_ObjectHideFlags: 0
  m_CorrespondingSourceObject: {fileID: 0}
  m_PrefabInstance: {fileID: 0}
  m_PrefabAsset: {fileID: 0}
  m_GameObject: {fileID: 2452987613190893373}
  m_LocalRotation: {x: 0.6937406, y: 0.13683578, z: -0.13683578, w: 0.6937406}
  m_LocalPosition: {x: 0, y: 0, z: -0.92}
  m_LocalScale: {x: 1, y: 1, z: 1}
  m_Children: []
  m_Father: {fileID: 6706300072387434232}
  m_RootOrder: 4
  m_LocalEulerAnglesHint: {x: 90, y: 200.39499, z: 178.07901}
  m_AnchorMin: {x: 0.5, y: 0.5}
  m_AnchorMax: {x: 0.5, y: 0.5}
  m_AnchoredPosition: {x: -0.39, y: 0.27}
  m_SizeDelta: {x: 20, y: 5}
  m_Pivot: {x: 0.5, y: 0.5}
--- !u!23 &5817714290665960895
MeshRenderer:
  m_ObjectHideFlags: 0
  m_CorrespondingSourceObject: {fileID: 0}
  m_PrefabInstance: {fileID: 0}
  m_PrefabAsset: {fileID: 0}
  m_GameObject: {fileID: 2452987613190893373}
  m_Enabled: 1
  m_CastShadows: 0
  m_ReceiveShadows: 0
  m_DynamicOccludee: 1
  m_MotionVectors: 1
  m_LightProbeUsage: 1
  m_ReflectionProbeUsage: 1
  m_RayTracingMode: 2
  m_RenderingLayerMask: 1
  m_RendererPriority: 0
  m_Materials:
  - {fileID: -3811721053624936465, guid: da941bb34068da24481dc8828b77cfb9, type: 2}
  m_StaticBatchInfo:
    firstSubMesh: 0
    subMeshCount: 0
  m_StaticBatchRoot: {fileID: 0}
  m_ProbeAnchor: {fileID: 0}
  m_LightProbeVolumeOverride: {fileID: 0}
  m_ScaleInLightmap: 1
  m_ReceiveGI: 1
  m_PreserveUVs: 0
  m_IgnoreNormalsForChartDetection: 0
  m_ImportantGI: 0
  m_StitchLightmapSeams: 1
  m_SelectedEditorRenderState: 3
  m_MinimumChartSize: 4
  m_AutoUVMaxDistance: 0.5
  m_AutoUVMaxAngle: 89
  m_LightmapParameters: {fileID: 0}
  m_SortingLayerID: 0
  m_SortingLayer: 0
  m_SortingOrder: 0
--- !u!33 &2633980150708500370
MeshFilter:
  m_ObjectHideFlags: 0
  m_CorrespondingSourceObject: {fileID: 0}
  m_PrefabInstance: {fileID: 0}
  m_PrefabAsset: {fileID: 0}
  m_GameObject: {fileID: 2452987613190893373}
  m_Mesh: {fileID: 0}
--- !u!222 &7566907678871206051
CanvasRenderer:
  m_ObjectHideFlags: 0
  m_CorrespondingSourceObject: {fileID: 0}
  m_PrefabInstance: {fileID: 0}
  m_PrefabAsset: {fileID: 0}
  m_GameObject: {fileID: 2452987613190893373}
  m_CullTransparentMesh: 0
--- !u!114 &2142489226069153499
MonoBehaviour:
  m_ObjectHideFlags: 0
  m_CorrespondingSourceObject: {fileID: 0}
  m_PrefabInstance: {fileID: 0}
  m_PrefabAsset: {fileID: 0}
  m_GameObject: {fileID: 2452987613190893373}
  m_Enabled: 1
  m_EditorHideFlags: 0
  m_Script: {fileID: 11500000, guid: 9541d86e2fd84c1d9990edf0852d74ab, type: 3}
  m_Name: 
  m_EditorClassIdentifier: 
  m_Material: {fileID: 0}
  m_Color: {r: 1, g: 1, b: 1, a: 1}
  m_RaycastTarget: 1
  m_OnCullStateChanged:
    m_PersistentCalls:
      m_Calls: []
  m_text: FINISH
  m_isRightToLeft: 0
  m_fontAsset: {fileID: 11400000, guid: da941bb34068da24481dc8828b77cfb9, type: 2}
  m_sharedMaterial: {fileID: -3811721053624936465, guid: da941bb34068da24481dc8828b77cfb9,
    type: 2}
  m_fontSharedMaterials: []
  m_fontMaterial: {fileID: 0}
  m_fontMaterials: []
  m_fontColor32:
    serializedVersion: 2
    rgba: 4279173375
  m_fontColor: {r: 1, g: 0, b: 0.058823533, a: 1}
  m_enableVertexGradient: 1
  m_colorMode: 3
  m_fontColorGradient:
    topLeft: {r: 1, g: 1, b: 1, a: 1}
    topRight: {r: 1, g: 1, b: 1, a: 1}
    bottomLeft: {r: 1, g: 1, b: 1, a: 1}
    bottomRight: {r: 1, g: 1, b: 1, a: 1}
  m_fontColorGradientPreset: {fileID: 0}
  m_spriteAsset: {fileID: 0}
  m_tintAllSprites: 0
  m_overrideHtmlColors: 0
  m_faceColor:
    serializedVersion: 2
    rgba: 4294967295
  m_outlineColor:
    serializedVersion: 2
    rgba: 4278190080
  m_fontSize: 28
  m_fontSizeBase: 28
  m_fontWeight: 400
  m_enableAutoSizing: 0
  m_fontSizeMin: 18
  m_fontSizeMax: 72
  m_fontStyle: 0
  m_textAlignment: 258
  m_characterSpacing: 0
  m_wordSpacing: 0
  m_lineSpacing: 0
  m_lineSpacingMax: 0
  m_paragraphSpacing: 0
  m_charWidthMaxAdj: 0
  m_enableWordWrapping: 1
  m_wordWrappingRatios: 0.4
  m_overflowMode: 0
  m_firstOverflowCharacterIndex: 0
  m_linkedTextComponent: {fileID: 0}
  m_isLinkedTextComponent: 0
  m_isTextTruncated: 0
  m_enableKerning: 1
  m_enableExtraPadding: 0
  checkPaddingRequired: 0
  m_isRichText: 1
  m_parseCtrlCharacters: 1
  m_isOrthographic: 0
  m_isCullingEnabled: 0
  m_ignoreRectMaskCulling: 0
  m_ignoreCulling: 1
  m_horizontalMapping: 0
  m_verticalMapping: 0
  m_uvLineOffset: 0
  m_geometrySortingOrder: 0
  m_VertexBufferAutoSizeReduction: 1
  m_firstVisibleCharacter: 0
  m_useMaxVisibleDescender: 1
  m_pageToDisplay: 1
  m_margin: {x: 0, y: 0, z: 0, w: 2.6494427}
  m_textInfo:
    textComponent: {fileID: 2142489226069153499}
    characterCount: 6
    spriteCount: 0
    spaceCount: 0
    wordCount: 1
    linkCount: 0
    lineCount: 1
    pageCount: 1
    materialCount: 1
  m_isUsingLegacyAnimationComponent: 0
  m_isVolumetricText: 0
  m_spriteAnimator: {fileID: 0}
  m_hasFontAssetChanged: 0
  m_renderer: {fileID: 5817714290665960895}
  m_subTextObjects:
  - {fileID: 0}
  - {fileID: 0}
  - {fileID: 0}
  - {fileID: 0}
  - {fileID: 0}
  - {fileID: 0}
  - {fileID: 0}
  - {fileID: 0}
  m_maskType: 0
--- !u!1 &3636175786427839533
GameObject:
  m_ObjectHideFlags: 0
  m_CorrespondingSourceObject: {fileID: 0}
  m_PrefabInstance: {fileID: 0}
  m_PrefabAsset: {fileID: 0}
  serializedVersion: 6
  m_Component:
  - component: {fileID: 578673837669705202}
  - component: {fileID: 1711349334718523617}
  - component: {fileID: 2893780911988806762}
  - component: {fileID: 4343738362794053838}
  - component: {fileID: 3559557648112619984}
  m_Layer: 0
  m_Name: Cube
  m_TagString: Finish
  m_Icon: {fileID: 0}
  m_NavMeshLayer: 0
  m_StaticEditorFlags: 0
  m_IsActive: 1
--- !u!4 &578673837669705202
Transform:
  m_ObjectHideFlags: 0
  m_CorrespondingSourceObject: {fileID: 0}
  m_PrefabInstance: {fileID: 0}
  m_PrefabAsset: {fileID: 0}
  m_GameObject: {fileID: 3636175786427839533}
  m_LocalRotation: {x: 0, y: 0, z: 0, w: 1}
  m_LocalPosition: {x: 0, y: -2, z: 0}
  m_LocalScale: {x: 30, y: 5, z: 1}
  m_Children: []
  m_Father: {fileID: 272516873020343573}
  m_RootOrder: 0
  m_LocalEulerAnglesHint: {x: 0, y: 0, z: 0}
--- !u!33 &1711349334718523617
MeshFilter:
  m_ObjectHideFlags: 0
  m_CorrespondingSourceObject: {fileID: 0}
  m_PrefabInstance: {fileID: 0}
  m_PrefabAsset: {fileID: 0}
  m_GameObject: {fileID: 3636175786427839533}
  m_Mesh: {fileID: 10202, guid: 0000000000000000e000000000000000, type: 0}
--- !u!23 &2893780911988806762
MeshRenderer:
  m_ObjectHideFlags: 0
  m_CorrespondingSourceObject: {fileID: 0}
  m_PrefabInstance: {fileID: 0}
  m_PrefabAsset: {fileID: 0}
  m_GameObject: {fileID: 3636175786427839533}
  m_Enabled: 0
  m_CastShadows: 1
  m_ReceiveShadows: 1
  m_DynamicOccludee: 1
  m_MotionVectors: 1
  m_LightProbeUsage: 1
  m_ReflectionProbeUsage: 1
  m_RayTracingMode: 2
  m_RenderingLayerMask: 1
  m_RendererPriority: 0
  m_Materials:
  - {fileID: 10303, guid: 0000000000000000f000000000000000, type: 0}
  m_StaticBatchInfo:
    firstSubMesh: 0
    subMeshCount: 0
  m_StaticBatchRoot: {fileID: 0}
  m_ProbeAnchor: {fileID: 0}
  m_LightProbeVolumeOverride: {fileID: 0}
  m_ScaleInLightmap: 1
  m_ReceiveGI: 1
  m_PreserveUVs: 0
  m_IgnoreNormalsForChartDetection: 0
  m_ImportantGI: 0
  m_StitchLightmapSeams: 1
  m_SelectedEditorRenderState: 3
  m_MinimumChartSize: 4
  m_AutoUVMaxDistance: 0.5
  m_AutoUVMaxAngle: 89
  m_LightmapParameters: {fileID: 0}
  m_SortingLayerID: 0
  m_SortingLayer: 0
  m_SortingOrder: 0
--- !u!65 &4343738362794053838
BoxCollider:
  m_ObjectHideFlags: 0
  m_CorrespondingSourceObject: {fileID: 0}
  m_PrefabInstance: {fileID: 0}
  m_PrefabAsset: {fileID: 0}
  m_GameObject: {fileID: 3636175786427839533}
  m_Material: {fileID: 0}
  m_IsTrigger: 1
  m_Enabled: 1
  serializedVersion: 2
  m_Size: {x: 1, y: 1, z: 1}
  m_Center: {x: 0, y: 0, z: 0}
--- !u!114 &3559557648112619984
MonoBehaviour:
  m_ObjectHideFlags: 0
  m_CorrespondingSourceObject: {fileID: 0}
  m_PrefabInstance: {fileID: 0}
  m_PrefabAsset: {fileID: 0}
  m_GameObject: {fileID: 3636175786427839533}
  m_Enabled: 1
  m_EditorHideFlags: 0
  m_Script: {fileID: 11500000, guid: 08560eadd5e996b48a6dc1cdfc01268f, type: 3}
  m_Name: 
  m_EditorClassIdentifier: 
  IsGameStarted: 0
  EventGameStatus:
    m_PersistentCalls:
      m_Calls: []
  IsStoreCollisions: 0
  IsStoreTriggers: 0
  IsListenTouchEvent: 0
  rb: {fileID: 0}
  EventCollision:
    m_PersistentCalls:
      m_Calls: []
  PrefabName: 
  IsInited: 0
--- !u!1 &4518241988969133000
GameObject:
  m_ObjectHideFlags: 0
  m_CorrespondingSourceObject: {fileID: 0}
  m_PrefabInstance: {fileID: 0}
  m_PrefabAsset: {fileID: 0}
  serializedVersion: 6
  m_Component:
  - component: {fileID: 6706300072387434232}
  m_Layer: 0
  m_Name: FinishPlatform
  m_TagString: Untagged
  m_Icon: {fileID: 0}
  m_NavMeshLayer: 0
  m_StaticEditorFlags: 0
  m_IsActive: 1
--- !u!4 &6706300072387434232
Transform:
  m_ObjectHideFlags: 0
  m_CorrespondingSourceObject: {fileID: 0}
  m_PrefabInstance: {fileID: 0}
  m_PrefabAsset: {fileID: 0}
  m_GameObject: {fileID: 4518241988969133000}
  m_LocalRotation: {x: 0, y: -0.1942344, z: 0, w: 0.9809552}
  m_LocalPosition: {x: -0, y: -4.58, z: 10.2}
  m_LocalScale: {x: 1.5, y: 1, z: 1.5}
  m_Children:
  - {fileID: 1125088897206672935}
  - {fileID: 4322574596846983691}
  - {fileID: 4188015699420948184}
  - {fileID: 4886028744631359622}
  - {fileID: 8766193758319122646}
  m_Father: {fileID: 257424491101595508}
  m_RootOrder: 4
  m_LocalEulerAnglesHint: {x: 0, y: -22.4, z: 0}
--- !u!1 &5875174855307194634
GameObject:
  m_ObjectHideFlags: 0
  m_CorrespondingSourceObject: {fileID: 0}
  m_PrefabInstance: {fileID: 0}
  m_PrefabAsset: {fileID: 0}
  serializedVersion: 6
  m_Component:
  - component: {fileID: 257424491101595508}
  - component: {fileID: -5092321519450894034}
  - component: {fileID: 3516523396417916274}
  - component: {fileID: 5972093049538521785}
  m_Layer: 0
  m_Name: Level4_Finish
  m_TagString: WillDestroy
  m_Icon: {fileID: 0}
  m_NavMeshLayer: 0
  m_StaticEditorFlags: 0
  m_IsActive: 1
--- !u!4 &257424491101595508
Transform:
  m_ObjectHideFlags: 0
  m_CorrespondingSourceObject: {fileID: 0}
  m_PrefabInstance: {fileID: 0}
  m_PrefabAsset: {fileID: 0}
  m_GameObject: {fileID: 5875174855307194634}
  m_LocalRotation: {x: 0, y: 0, z: 0, w: 1}
  m_LocalPosition: {x: -0.1, y: 5, z: 20}
  m_LocalScale: {x: 1, y: 1, z: 1}
  m_Children:
  - {fileID: 2082296719505294930}
  - {fileID: 4627327960791106974}
  - {fileID: 7125563726580838638}
  - {fileID: 272516873020343573}
  - {fileID: 6706300072387434232}
  - {fileID: 93341551485129631}
  - {fileID: 6438247260853649155}
  - {fileID: 6721610243365210762}
  - {fileID: 4441248364833250822}
  m_Father: {fileID: 0}
  m_RootOrder: 0
  m_LocalEulerAnglesHint: {x: 0, y: 0, z: 0}
--- !u!65 &-5092321519450894034
BoxCollider:
  m_ObjectHideFlags: 0
  m_CorrespondingSourceObject: {fileID: 0}
  m_PrefabInstance: {fileID: 0}
  m_PrefabAsset: {fileID: 0}
  m_GameObject: {fileID: 5875174855307194634}
  m_Material: {fileID: 0}
  m_IsTrigger: 1
  m_Enabled: 1
  serializedVersion: 2
  m_Size: {x: 0.5, y: 10, z: 200}
  m_Center: {x: 0, y: 10, z: 40}
--- !u!54 &3516523396417916274
Rigidbody:
  m_ObjectHideFlags: 0
  m_CorrespondingSourceObject: {fileID: 0}
  m_PrefabInstance: {fileID: 0}
  m_PrefabAsset: {fileID: 0}
  m_GameObject: {fileID: 5875174855307194634}
  serializedVersion: 2
  m_Mass: 1
  m_Drag: 0
  m_AngularDrag: 0.05
  m_UseGravity: 0
  m_IsKinematic: 1
  m_Interpolate: 0
  m_Constraints: 0
  m_CollisionDetection: 0
--- !u!114 &5972093049538521785
MonoBehaviour:
  m_ObjectHideFlags: 0
  m_CorrespondingSourceObject: {fileID: 0}
  m_PrefabInstance: {fileID: 0}
  m_PrefabAsset: {fileID: 0}
  m_GameObject: {fileID: 5875174855307194634}
  m_Enabled: 1
  m_EditorHideFlags: 0
  m_Script: {fileID: 11500000, guid: 3a3840b7d0d6cfe429275e3041f1a1fa, type: 3}
  m_Name: 
  m_EditorClassIdentifier: 
  IsGameStarted: 0
  EventGameStatus:
    m_PersistentCalls:
      m_Calls: []
  IsStoreCollisions: 0
  IsStoreTriggers: 0
  IsListenTouchEvent: 0
  rb: {fileID: 0}
  EventCollision:
    m_PersistentCalls:
      m_Calls: []
  PrefabName: 
  IsInited: 0
--- !u!1 &6522183367081023137
GameObject:
  m_ObjectHideFlags: 0
  m_CorrespondingSourceObject: {fileID: 0}
  m_PrefabInstance: {fileID: 0}
  m_PrefabAsset: {fileID: 0}
  serializedVersion: 6
  m_Component:
  - component: {fileID: 272516873020343573}
  m_Layer: 0
  m_Name: FinishObj
  m_TagString: Untagged
  m_Icon: {fileID: 0}
  m_NavMeshLayer: 0
  m_StaticEditorFlags: 0
  m_IsActive: 1
--- !u!4 &272516873020343573
Transform:
  m_ObjectHideFlags: 0
  m_CorrespondingSourceObject: {fileID: 0}
  m_PrefabInstance: {fileID: 0}
  m_PrefabAsset: {fileID: 0}
  m_GameObject: {fileID: 6522183367081023137}
  m_LocalRotation: {x: -0, y: -0, z: -0, w: 1}
  m_LocalPosition: {x: 0.1, y: 0, z: 0}
  m_LocalScale: {x: 1, y: 1, z: 1}
  m_Children:
  - {fileID: 578673837669705202}
  m_Father: {fileID: 257424491101595508}
  m_RootOrder: 3
  m_LocalEulerAnglesHint: {x: 0, y: 0, z: 0}
--- !u!1001 &1125088897206535335
PrefabInstance:
  m_ObjectHideFlags: 0
  serializedVersion: 2
  m_Modification:
    m_TransformParent: {fileID: 6706300072387434232}
    m_Modifications:
    - target: {fileID: 100000, guid: 21f9ef9f074f5304d9971cd99755a1b6, type: 3}
      propertyPath: m_Name
      value: 0
      objectReference: {fileID: 0}
    - target: {fileID: 400000, guid: 21f9ef9f074f5304d9971cd99755a1b6, type: 3}
      propertyPath: m_LocalPosition.x
      value: 0
      objectReference: {fileID: 0}
    - target: {fileID: 400000, guid: 21f9ef9f074f5304d9971cd99755a1b6, type: 3}
      propertyPath: m_LocalPosition.y
      value: 0
      objectReference: {fileID: 0}
    - target: {fileID: 400000, guid: 21f9ef9f074f5304d9971cd99755a1b6, type: 3}
      propertyPath: m_LocalPosition.z
      value: 0
      objectReference: {fileID: 0}
    - target: {fileID: 400000, guid: 21f9ef9f074f5304d9971cd99755a1b6, type: 3}
      propertyPath: m_LocalRotation.x
      value: -0
      objectReference: {fileID: 0}
    - target: {fileID: 400000, guid: 21f9ef9f074f5304d9971cd99755a1b6, type: 3}
      propertyPath: m_LocalRotation.y
      value: -0
      objectReference: {fileID: 0}
    - target: {fileID: 400000, guid: 21f9ef9f074f5304d9971cd99755a1b6, type: 3}
      propertyPath: m_LocalRotation.z
      value: -0
      objectReference: {fileID: 0}
    - target: {fileID: 400000, guid: 21f9ef9f074f5304d9971cd99755a1b6, type: 3}
      propertyPath: m_LocalRotation.w
      value: 1
      objectReference: {fileID: 0}
    - target: {fileID: 400000, guid: 21f9ef9f074f5304d9971cd99755a1b6, type: 3}
      propertyPath: m_RootOrder
      value: 0
      objectReference: {fileID: 0}
    - target: {fileID: 400000, guid: 21f9ef9f074f5304d9971cd99755a1b6, type: 3}
      propertyPath: m_LocalEulerAnglesHint.x
      value: 0
      objectReference: {fileID: 0}
    - target: {fileID: 400000, guid: 21f9ef9f074f5304d9971cd99755a1b6, type: 3}
      propertyPath: m_LocalEulerAnglesHint.y
      value: 0
      objectReference: {fileID: 0}
    - target: {fileID: 400000, guid: 21f9ef9f074f5304d9971cd99755a1b6, type: 3}
      propertyPath: m_LocalEulerAnglesHint.z
      value: 0
      objectReference: {fileID: 0}
    - target: {fileID: 400000, guid: 21f9ef9f074f5304d9971cd99755a1b6, type: 3}
      propertyPath: m_LocalScale.x
      value: 300
      objectReference: {fileID: 0}
    - target: {fileID: 400000, guid: 21f9ef9f074f5304d9971cd99755a1b6, type: 3}
      propertyPath: m_LocalScale.y
      value: 50
      objectReference: {fileID: 0}
    - target: {fileID: 400000, guid: 21f9ef9f074f5304d9971cd99755a1b6, type: 3}
      propertyPath: m_LocalScale.z
      value: 300
      objectReference: {fileID: 0}
    - target: {fileID: 2300000, guid: 21f9ef9f074f5304d9971cd99755a1b6, type: 3}
      propertyPath: m_Materials.Array.data[0]
      value: 
      objectReference: {fileID: 2100000, guid: 0db5b316b26a9f44393733bbaaa5c3c4, type: 2}
    m_RemovedComponents: []
  m_SourcePrefab: {fileID: 100100000, guid: 21f9ef9f074f5304d9971cd99755a1b6, type: 3}
--- !u!4 &1125088897206672935 stripped
Transform:
  m_CorrespondingSourceObject: {fileID: 400000, guid: 21f9ef9f074f5304d9971cd99755a1b6,
    type: 3}
  m_PrefabInstance: {fileID: 1125088897206535335}
  m_PrefabAsset: {fileID: 0}
--- !u!1001 &1520194854129301614
PrefabInstance:
  m_ObjectHideFlags: 0
  serializedVersion: 2
  m_Modification:
    m_TransformParent: {fileID: 257424491101595508}
    m_Modifications:
    - target: {fileID: 1033440492506627369, guid: 37534169406154e4ca42a100491e7722,
        type: 3}
      propertyPath: m_ConnectedAnchor.x
      value: -0.0000000745058
      objectReference: {fileID: 0}
    - target: {fileID: 1033440492506627369, guid: 37534169406154e4ca42a100491e7722,
        type: 3}
      propertyPath: m_ConnectedAnchor.y
      value: 0.08340824
      objectReference: {fileID: 0}
    - target: {fileID: 1033440492506627369, guid: 37534169406154e4ca42a100491e7722,
        type: 3}
      propertyPath: m_ConnectedAnchor.z
      value: -0.000000033527616
      objectReference: {fileID: 0}
    - target: {fileID: 1033440492702229238, guid: 37534169406154e4ca42a100491e7722,
        type: 3}
      propertyPath: m_ConnectedAnchor.x
      value: -0.000000005355105
      objectReference: {fileID: 0}
    - target: {fileID: 1033440492702229238, guid: 37534169406154e4ca42a100491e7722,
        type: 3}
      propertyPath: m_ConnectedAnchor.y
      value: 0.041191194
      objectReference: {fileID: 0}
    - target: {fileID: 1033440492702229238, guid: 37534169406154e4ca42a100491e7722,
        type: 3}
      propertyPath: m_ConnectedAnchor.z
      value: -0.000000102794715
      objectReference: {fileID: 0}
    - target: {fileID: 1033440492958754807, guid: 37534169406154e4ca42a100491e7722,
        type: 3}
      propertyPath: m_ConnectedAnchor.x
      value: -0.00054260367
      objectReference: {fileID: 0}
    - target: {fileID: 1033440492958754807, guid: 37534169406154e4ca42a100491e7722,
        type: 3}
      propertyPath: m_ConnectedAnchor.y
      value: 0.13266896
      objectReference: {fileID: 0}
    - target: {fileID: 1033440492958754807, guid: 37534169406154e4ca42a100491e7722,
        type: 3}
      propertyPath: m_ConnectedAnchor.z
      value: -0.00031447317
      objectReference: {fileID: 0}
    - target: {fileID: 1033440493142499281, guid: 37534169406154e4ca42a100491e7722,
        type: 3}
      propertyPath: m_ConnectedAnchor.x
      value: -0.000000040041886
      objectReference: {fileID: 0}
    - target: {fileID: 1033440493142499281, guid: 37534169406154e4ca42a100491e7722,
        type: 3}
      propertyPath: m_ConnectedAnchor.y
      value: 0.094158925
      objectReference: {fileID: 0}
    - target: {fileID: 1033440493142499281, guid: 37534169406154e4ca42a100491e7722,
        type: 3}
      propertyPath: m_ConnectedAnchor.z
      value: -0.000000017229379
      objectReference: {fileID: 0}
    - target: {fileID: 1033440493180972497, guid: 37534169406154e4ca42a100491e7722,
        type: 3}
      propertyPath: m_ConnectedAnchor.x
      value: -0.05242219
      objectReference: {fileID: 0}
    - target: {fileID: 1033440493180972497, guid: 37534169406154e4ca42a100491e7722,
        type: 3}
      propertyPath: m_ConnectedAnchor.y
      value: 0.068112604
      objectReference: {fileID: 0}
    - target: {fileID: 1033440493180972497, guid: 37534169406154e4ca42a100491e7722,
        type: 3}
      propertyPath: m_ConnectedAnchor.z
      value: -0.010214625
      objectReference: {fileID: 0}
    - target: {fileID: 1033440493383173035, guid: 37534169406154e4ca42a100491e7722,
        type: 3}
      propertyPath: m_ConnectedAnchor.x
      value: 0.043379404
      objectReference: {fileID: 0}
    - target: {fileID: 1033440493383173035, guid: 37534169406154e4ca42a100491e7722,
        type: 3}
      propertyPath: m_ConnectedAnchor.y
      value: -0.019612275
      objectReference: {fileID: 0}
    - target: {fileID: 1033440493383173035, guid: 37534169406154e4ca42a100491e7722,
        type: 3}
      propertyPath: m_ConnectedAnchor.z
      value: -0.00054762466
      objectReference: {fileID: 0}
    - target: {fileID: 1033440493459963331, guid: 37534169406154e4ca42a100491e7722,
        type: 3}
      propertyPath: m_ConnectedAnchor.x
      value: 0.051218856
      objectReference: {fileID: 0}
    - target: {fileID: 1033440493459963331, guid: 37534169406154e4ca42a100491e7722,
        type: 3}
      propertyPath: m_ConnectedAnchor.y
      value: 0.06729274
      objectReference: {fileID: 0}
    - target: {fileID: 1033440493459963331, guid: 37534169406154e4ca42a100491e7722,
        type: 3}
      propertyPath: m_ConnectedAnchor.z
      value: 0.012843082
      objectReference: {fileID: 0}
    - target: {fileID: 1033440493576328614, guid: 37534169406154e4ca42a100491e7722,
        type: 3}
      propertyPath: m_ConnectedAnchor.x
      value: -0.00000003179593
      objectReference: {fileID: 0}
    - target: {fileID: 1033440493576328614, guid: 37534169406154e4ca42a100491e7722,
        type: 3}
      propertyPath: m_ConnectedAnchor.y
      value: 0.083418086
      objectReference: {fileID: 0}
    - target: {fileID: 1033440493576328614, guid: 37534169406154e4ca42a100491e7722,
        type: 3}
      propertyPath: m_ConnectedAnchor.z
      value: -0.000000011175869
      objectReference: {fileID: 0}
    - target: {fileID: 1033440493637290138, guid: 37534169406154e4ca42a100491e7722,
        type: 3}
      propertyPath: m_ConnectedAnchor.x
      value: -0.04337938
      objectReference: {fileID: 0}
    - target: {fileID: 1033440493637290138, guid: 37534169406154e4ca42a100491e7722,
        type: 3}
      propertyPath: m_ConnectedAnchor.y
      value: -0.019612275
      objectReference: {fileID: 0}
    - target: {fileID: 1033440493637290138, guid: 37534169406154e4ca42a100491e7722,
        type: 3}
      propertyPath: m_ConnectedAnchor.z
      value: -0.0008192025
      objectReference: {fileID: 0}
    - target: {fileID: 1033440493709441144, guid: 37534169406154e4ca42a100491e7722,
        type: 3}
      propertyPath: m_ConnectedAnchor.x
      value: -0.000000014898475
      objectReference: {fileID: 0}
    - target: {fileID: 1033440493709441144, guid: 37534169406154e4ca42a100491e7722,
        type: 3}
      propertyPath: m_ConnectedAnchor.y
      value: 0.09415961
      objectReference: {fileID: 0}
    - target: {fileID: 1033440493709441144, guid: 37534169406154e4ca42a100491e7722,
        type: 3}
      propertyPath: m_ConnectedAnchor.z
      value: -0.0000000428408
      objectReference: {fileID: 0}
    - target: {fileID: 2934846060136982120, guid: 37534169406154e4ca42a100491e7722,
        type: 3}
      propertyPath: m_LocalPosition.x
      value: 1
      objectReference: {fileID: 0}
    - target: {fileID: 2934846060136982120, guid: 37534169406154e4ca42a100491e7722,
        type: 3}
      propertyPath: m_LocalPosition.y
      value: -2.5
      objectReference: {fileID: 0}
    - target: {fileID: 2934846060136982120, guid: 37534169406154e4ca42a100491e7722,
        type: 3}
      propertyPath: m_LocalPosition.z
      value: -21.3
      objectReference: {fileID: 0}
    - target: {fileID: 2934846060136982120, guid: 37534169406154e4ca42a100491e7722,
        type: 3}
      propertyPath: m_LocalRotation.x
      value: 0
      objectReference: {fileID: 0}
    - target: {fileID: 2934846060136982120, guid: 37534169406154e4ca42a100491e7722,
        type: 3}
      propertyPath: m_LocalRotation.y
      value: 1
      objectReference: {fileID: 0}
    - target: {fileID: 2934846060136982120, guid: 37534169406154e4ca42a100491e7722,
        type: 3}
      propertyPath: m_LocalRotation.z
      value: 0
      objectReference: {fileID: 0}
    - target: {fileID: 2934846060136982120, guid: 37534169406154e4ca42a100491e7722,
        type: 3}
      propertyPath: m_LocalRotation.w
      value: 0
      objectReference: {fileID: 0}
    - target: {fileID: 2934846060136982120, guid: 37534169406154e4ca42a100491e7722,
        type: 3}
      propertyPath: m_RootOrder
      value: 8
      objectReference: {fileID: 0}
    - target: {fileID: 2934846060136982120, guid: 37534169406154e4ca42a100491e7722,
        type: 3}
      propertyPath: m_LocalEulerAnglesHint.x
      value: 0
      objectReference: {fileID: 0}
    - target: {fileID: 2934846060136982120, guid: 37534169406154e4ca42a100491e7722,
        type: 3}
      propertyPath: m_LocalEulerAnglesHint.y
      value: 180
      objectReference: {fileID: 0}
    - target: {fileID: 2934846060136982120, guid: 37534169406154e4ca42a100491e7722,
        type: 3}
      propertyPath: m_LocalEulerAnglesHint.z
      value: 0
      objectReference: {fileID: 0}
    - target: {fileID: 3282563561134706224, guid: 37534169406154e4ca42a100491e7722,
        type: 3}
      propertyPath: m_Name
      value: Enemy (3)
      objectReference: {fileID: 0}
    - target: {fileID: 3282563561134706224, guid: 37534169406154e4ca42a100491e7722,
        type: 3}
      propertyPath: m_IsActive
      value: 1
      objectReference: {fileID: 0}
    - target: {fileID: 3491025952524276213, guid: 37534169406154e4ca42a100491e7722,
        type: 3}
      propertyPath: moveActive
      value: 1
      objectReference: {fileID: 0}
    - target: {fileID: 3491025952524276213, guid: 37534169406154e4ca42a100491e7722,
        type: 3}
      propertyPath: leftRight_SpeedMax
      value: 1
      objectReference: {fileID: 0}
    - target: {fileID: 3491025952524276213, guid: 37534169406154e4ca42a100491e7722,
        type: 3}
      propertyPath: walkingSpeedTowardsPlayer
      value: 1
      objectReference: {fileID: 0}
    m_RemovedComponents: []
  m_SourcePrefab: {fileID: 100100000, guid: 37534169406154e4ca42a100491e7722, type: 3}
--- !u!4 &4441248364833250822 stripped
Transform:
  m_CorrespondingSourceObject: {fileID: 2934846060136982120, guid: 37534169406154e4ca42a100491e7722,
    type: 3}
  m_PrefabInstance: {fileID: 1520194854129301614}
  m_PrefabAsset: {fileID: 0}
--- !u!1001 &1720238002342779369
PrefabInstance:
  m_ObjectHideFlags: 0
  serializedVersion: 2
  m_Modification:
    m_TransformParent: {fileID: 257424491101595508}
    m_Modifications:
    - target: {fileID: 1287272898028398252, guid: b5e509801caf4f547abe61af0bfcee5c,
        type: 3}
      propertyPath: m_Name
      value: Wall (4)
      objectReference: {fileID: 0}
    - target: {fileID: 4368303057021738950, guid: b5e509801caf4f547abe61af0bfcee5c,
        type: 3}
      propertyPath: movailableWall
      value: 1
      objectReference: {fileID: 0}
    - target: {fileID: 4368303057021738950, guid: b5e509801caf4f547abe61af0bfcee5c,
        type: 3}
      propertyPath: movingZLimit
      value: 10
      objectReference: {fileID: 0}
    - target: {fileID: 4368303057021738950, guid: b5e509801caf4f547abe61af0bfcee5c,
        type: 3}
      propertyPath: movingTime
      value: 1
      objectReference: {fileID: 0}
    - target: {fileID: 5658417364024485610, guid: b5e509801caf4f547abe61af0bfcee5c,
        type: 3}
      propertyPath: m_LocalPosition.x
      value: -8.9
      objectReference: {fileID: 0}
    - target: {fileID: 5658417364024485610, guid: b5e509801caf4f547abe61af0bfcee5c,
        type: 3}
      propertyPath: m_LocalPosition.y
      value: 0.3
      objectReference: {fileID: 0}
    - target: {fileID: 5658417364024485610, guid: b5e509801caf4f547abe61af0bfcee5c,
        type: 3}
      propertyPath: m_LocalPosition.z
      value: -22.3
      objectReference: {fileID: 0}
    - target: {fileID: 5658417364024485610, guid: b5e509801caf4f547abe61af0bfcee5c,
        type: 3}
      propertyPath: m_LocalRotation.x
      value: -0
      objectReference: {fileID: 0}
    - target: {fileID: 5658417364024485610, guid: b5e509801caf4f547abe61af0bfcee5c,
        type: 3}
      propertyPath: m_LocalRotation.y
      value: -0
      objectReference: {fileID: 0}
    - target: {fileID: 5658417364024485610, guid: b5e509801caf4f547abe61af0bfcee5c,
        type: 3}
      propertyPath: m_LocalRotation.z
      value: -0
      objectReference: {fileID: 0}
    - target: {fileID: 5658417364024485610, guid: b5e509801caf4f547abe61af0bfcee5c,
        type: 3}
      propertyPath: m_LocalRotation.w
      value: 1
      objectReference: {fileID: 0}
    - target: {fileID: 5658417364024485610, guid: b5e509801caf4f547abe61af0bfcee5c,
        type: 3}
      propertyPath: m_RootOrder
      value: 6
      objectReference: {fileID: 0}
    - target: {fileID: 5658417364024485610, guid: b5e509801caf4f547abe61af0bfcee5c,
        type: 3}
      propertyPath: m_LocalEulerAnglesHint.x
      value: 0
      objectReference: {fileID: 0}
    - target: {fileID: 5658417364024485610, guid: b5e509801caf4f547abe61af0bfcee5c,
        type: 3}
      propertyPath: m_LocalEulerAnglesHint.y
      value: 0
      objectReference: {fileID: 0}
    - target: {fileID: 5658417364024485610, guid: b5e509801caf4f547abe61af0bfcee5c,
        type: 3}
      propertyPath: m_LocalEulerAnglesHint.z
      value: 0
      objectReference: {fileID: 0}
    - target: {fileID: 5658417364024485610, guid: b5e509801caf4f547abe61af0bfcee5c,
        type: 3}
      propertyPath: m_LocalScale.z
      value: 10
      objectReference: {fileID: 0}
    m_RemovedComponents: []
  m_SourcePrefab: {fileID: 100100000, guid: b5e509801caf4f547abe61af0bfcee5c, type: 3}
--- !u!4 &6438247260853649155 stripped
Transform:
  m_CorrespondingSourceObject: {fileID: 5658417364024485610, guid: b5e509801caf4f547abe61af0bfcee5c,
    type: 3}
  m_PrefabInstance: {fileID: 1720238002342779369}
  m_PrefabAsset: {fileID: 0}
--- !u!1001 &3773848418417926202
PrefabInstance:
  m_ObjectHideFlags: 0
  serializedVersion: 2
  m_Modification:
    m_TransformParent: {fileID: 257424491101595508}
    m_Modifications:
    - target: {fileID: 1033440492506627369, guid: 37534169406154e4ca42a100491e7722,
        type: 3}
      propertyPath: m_ConnectedAnchor.x
      value: 0.00000016763805
      objectReference: {fileID: 0}
    - target: {fileID: 1033440492506627369, guid: 37534169406154e4ca42a100491e7722,
        type: 3}
      propertyPath: m_ConnectedAnchor.y
      value: 0.08340827
      objectReference: {fileID: 0}
    - target: {fileID: 1033440492506627369, guid: 37534169406154e4ca42a100491e7722,
        type: 3}
      propertyPath: m_ConnectedAnchor.z
      value: 0.000000033527616
      objectReference: {fileID: 0}
    - target: {fileID: 1033440492702229238, guid: 37534169406154e4ca42a100491e7722,
        type: 3}
      propertyPath: m_ConnectedAnchor.x
      value: 0.000000030675437
      objectReference: {fileID: 0}
    - target: {fileID: 1033440492702229238, guid: 37534169406154e4ca42a100491e7722,
        type: 3}
      propertyPath: m_ConnectedAnchor.y
      value: 0.04119119
      objectReference: {fileID: 0}
    - target: {fileID: 1033440492702229238, guid: 37534169406154e4ca42a100491e7722,
        type: 3}
      propertyPath: m_ConnectedAnchor.z
      value: 0.00000014551914
      objectReference: {fileID: 0}
    - target: {fileID: 1033440492958754807, guid: 37534169406154e4ca42a100491e7722,
        type: 3}
      propertyPath: m_ConnectedAnchor.x
      value: -0.00054260367
      objectReference: {fileID: 0}
    - target: {fileID: 1033440492958754807, guid: 37534169406154e4ca42a100491e7722,
        type: 3}
      propertyPath: m_ConnectedAnchor.y
      value: 0.13266896
      objectReference: {fileID: 0}
    - target: {fileID: 1033440492958754807, guid: 37534169406154e4ca42a100491e7722,
        type: 3}
      propertyPath: m_ConnectedAnchor.z
      value: -0.00031447317
      objectReference: {fileID: 0}
    - target: {fileID: 1033440493142499281, guid: 37534169406154e4ca42a100491e7722,
        type: 3}
      propertyPath: m_ConnectedAnchor.x
      value: 0.0000001406122
      objectReference: {fileID: 0}
    - target: {fileID: 1033440493142499281, guid: 37534169406154e4ca42a100491e7722,
        type: 3}
      propertyPath: m_ConnectedAnchor.y
      value: 0.0941589
      objectReference: {fileID: 0}
    - target: {fileID: 1033440493142499281, guid: 37534169406154e4ca42a100491e7722,
        type: 3}
      propertyPath: m_ConnectedAnchor.z
      value: 0.00000015878967
      objectReference: {fileID: 0}
    - target: {fileID: 1033440493180972497, guid: 37534169406154e4ca42a100491e7722,
        type: 3}
      propertyPath: m_ConnectedAnchor.x
      value: -0.052422203
      objectReference: {fileID: 0}
    - target: {fileID: 1033440493180972497, guid: 37534169406154e4ca42a100491e7722,
        type: 3}
      propertyPath: m_ConnectedAnchor.y
      value: 0.068112604
      objectReference: {fileID: 0}
    - target: {fileID: 1033440493180972497, guid: 37534169406154e4ca42a100491e7722,
        type: 3}
      propertyPath: m_ConnectedAnchor.z
      value: -0.010214621
      objectReference: {fileID: 0}
    - target: {fileID: 1033440493383173035, guid: 37534169406154e4ca42a100491e7722,
        type: 3}
      propertyPath: m_ConnectedAnchor.x
      value: 0.043379523
      objectReference: {fileID: 0}
    - target: {fileID: 1033440493383173035, guid: 37534169406154e4ca42a100491e7722,
        type: 3}
      propertyPath: m_ConnectedAnchor.y
      value: -0.019612271
      objectReference: {fileID: 0}
    - target: {fileID: 1033440493383173035, guid: 37534169406154e4ca42a100491e7722,
        type: 3}
      propertyPath: m_ConnectedAnchor.z
      value: -0.00054784655
      objectReference: {fileID: 0}
    - target: {fileID: 1033440493459963331, guid: 37534169406154e4ca42a100491e7722,
        type: 3}
      propertyPath: m_ConnectedAnchor.x
      value: 0.051218893
      objectReference: {fileID: 0}
    - target: {fileID: 1033440493459963331, guid: 37534169406154e4ca42a100491e7722,
        type: 3}
      propertyPath: m_ConnectedAnchor.y
      value: 0.06729275
      objectReference: {fileID: 0}
    - target: {fileID: 1033440493459963331, guid: 37534169406154e4ca42a100491e7722,
        type: 3}
      propertyPath: m_ConnectedAnchor.z
      value: 0.012843333
      objectReference: {fileID: 0}
    - target: {fileID: 1033440493576328614, guid: 37534169406154e4ca42a100491e7722,
        type: 3}
      propertyPath: m_ConnectedAnchor.x
      value: 0.00000018633725
      objectReference: {fileID: 0}
    - target: {fileID: 1033440493576328614, guid: 37534169406154e4ca42a100491e7722,
        type: 3}
      propertyPath: m_ConnectedAnchor.y
      value: 0.08341802
      objectReference: {fileID: 0}
    - target: {fileID: 1033440493576328614, guid: 37534169406154e4ca42a100491e7722,
        type: 3}
      propertyPath: m_ConnectedAnchor.z
      value: 0.00000009685753
      objectReference: {fileID: 0}
    - target: {fileID: 1033440493637290138, guid: 37534169406154e4ca42a100491e7722,
        type: 3}
      propertyPath: m_ConnectedAnchor.x
      value: -0.04337949
      objectReference: {fileID: 0}
    - target: {fileID: 1033440493637290138, guid: 37534169406154e4ca42a100491e7722,
        type: 3}
      propertyPath: m_ConnectedAnchor.y
      value: -0.01961228
      objectReference: {fileID: 0}
    - target: {fileID: 1033440493637290138, guid: 37534169406154e4ca42a100491e7722,
        type: 3}
      propertyPath: m_ConnectedAnchor.z
      value: -0.0008189734
      objectReference: {fileID: 0}
    - target: {fileID: 1033440493709441144, guid: 37534169406154e4ca42a100491e7722,
        type: 3}
      propertyPath: m_ConnectedAnchor.x
      value: 0.000000014898475
      objectReference: {fileID: 0}
    - target: {fileID: 1033440493709441144, guid: 37534169406154e4ca42a100491e7722,
        type: 3}
      propertyPath: m_ConnectedAnchor.y
      value: 0.09415962
      objectReference: {fileID: 0}
    - target: {fileID: 1033440493709441144, guid: 37534169406154e4ca42a100491e7722,
        type: 3}
      propertyPath: m_ConnectedAnchor.z
      value: -0.000000050291373
      objectReference: {fileID: 0}
    - target: {fileID: 2934846060136982120, guid: 37534169406154e4ca42a100491e7722,
        type: 3}
      propertyPath: m_LocalPosition.x
      value: 6.1
      objectReference: {fileID: 0}
    - target: {fileID: 2934846060136982120, guid: 37534169406154e4ca42a100491e7722,
        type: 3}
      propertyPath: m_LocalPosition.y
      value: -2.5
      objectReference: {fileID: 0}
    - target: {fileID: 2934846060136982120, guid: 37534169406154e4ca42a100491e7722,
        type: 3}
      propertyPath: m_LocalPosition.z
      value: -41.1
      objectReference: {fileID: 0}
    - target: {fileID: 2934846060136982120, guid: 37534169406154e4ca42a100491e7722,
        type: 3}
      propertyPath: m_LocalRotation.x
      value: 0
      objectReference: {fileID: 0}
    - target: {fileID: 2934846060136982120, guid: 37534169406154e4ca42a100491e7722,
        type: 3}
      propertyPath: m_LocalRotation.y
      value: 1
      objectReference: {fileID: 0}
    - target: {fileID: 2934846060136982120, guid: 37534169406154e4ca42a100491e7722,
        type: 3}
      propertyPath: m_LocalRotation.z
      value: 0
      objectReference: {fileID: 0}
    - target: {fileID: 2934846060136982120, guid: 37534169406154e4ca42a100491e7722,
        type: 3}
      propertyPath: m_LocalRotation.w
      value: 0
      objectReference: {fileID: 0}
    - target: {fileID: 2934846060136982120, guid: 37534169406154e4ca42a100491e7722,
        type: 3}
      propertyPath: m_RootOrder
      value: 0
      objectReference: {fileID: 0}
    - target: {fileID: 2934846060136982120, guid: 37534169406154e4ca42a100491e7722,
        type: 3}
      propertyPath: m_LocalEulerAnglesHint.x
      value: 0
      objectReference: {fileID: 0}
    - target: {fileID: 2934846060136982120, guid: 37534169406154e4ca42a100491e7722,
        type: 3}
      propertyPath: m_LocalEulerAnglesHint.y
      value: 180
      objectReference: {fileID: 0}
    - target: {fileID: 2934846060136982120, guid: 37534169406154e4ca42a100491e7722,
        type: 3}
      propertyPath: m_LocalEulerAnglesHint.z
      value: 0
      objectReference: {fileID: 0}
    - target: {fileID: 3282563561134706224, guid: 37534169406154e4ca42a100491e7722,
        type: 3}
      propertyPath: m_Name
      value: Enemy
      objectReference: {fileID: 0}
    - target: {fileID: 3282563561134706224, guid: 37534169406154e4ca42a100491e7722,
        type: 3}
      propertyPath: m_IsActive
      value: 1
      objectReference: {fileID: 0}
    - target: {fileID: 3491025952524276213, guid: 37534169406154e4ca42a100491e7722,
        type: 3}
      propertyPath: moveActive
      value: 1
      objectReference: {fileID: 0}
    - target: {fileID: 3491025952524276213, guid: 37534169406154e4ca42a100491e7722,
        type: 3}
      propertyPath: leftRight_SpeedMax
      value: 1
      objectReference: {fileID: 0}
    - target: {fileID: 3491025952524276213, guid: 37534169406154e4ca42a100491e7722,
        type: 3}
      propertyPath: walkingSpeedTowardsPlayer
      value: 1
      objectReference: {fileID: 0}
    m_RemovedComponents: []
  m_SourcePrefab: {fileID: 100100000, guid: 37534169406154e4ca42a100491e7722, type: 3}
--- !u!4 &2082296719505294930 stripped
Transform:
  m_CorrespondingSourceObject: {fileID: 2934846060136982120, guid: 37534169406154e4ca42a100491e7722,
    type: 3}
  m_PrefabInstance: {fileID: 3773848418417926202}
  m_PrefabAsset: {fileID: 0}
--- !u!1001 &4188015699420560472
PrefabInstance:
  m_ObjectHideFlags: 0
  serializedVersion: 2
  m_Modification:
    m_TransformParent: {fileID: 6706300072387434232}
    m_Modifications:
    - target: {fileID: 100000, guid: 21f9ef9f074f5304d9971cd99755a1b6, type: 3}
      propertyPath: m_Name
      value: 1 (1)
      objectReference: {fileID: 0}
    - target: {fileID: 400000, guid: 21f9ef9f074f5304d9971cd99755a1b6, type: 3}
      propertyPath: m_LocalPosition.x
      value: 0
      objectReference: {fileID: 0}
    - target: {fileID: 400000, guid: 21f9ef9f074f5304d9971cd99755a1b6, type: 3}
      propertyPath: m_LocalPosition.y
      value: 0.02
      objectReference: {fileID: 0}
    - target: {fileID: 400000, guid: 21f9ef9f074f5304d9971cd99755a1b6, type: 3}
      propertyPath: m_LocalPosition.z
      value: 0
      objectReference: {fileID: 0}
    - target: {fileID: 400000, guid: 21f9ef9f074f5304d9971cd99755a1b6, type: 3}
      propertyPath: m_LocalRotation.x
      value: -0
      objectReference: {fileID: 0}
    - target: {fileID: 400000, guid: 21f9ef9f074f5304d9971cd99755a1b6, type: 3}
      propertyPath: m_LocalRotation.y
      value: -0
      objectReference: {fileID: 0}
    - target: {fileID: 400000, guid: 21f9ef9f074f5304d9971cd99755a1b6, type: 3}
      propertyPath: m_LocalRotation.z
      value: -0
      objectReference: {fileID: 0}
    - target: {fileID: 400000, guid: 21f9ef9f074f5304d9971cd99755a1b6, type: 3}
      propertyPath: m_LocalRotation.w
      value: 1
      objectReference: {fileID: 0}
    - target: {fileID: 400000, guid: 21f9ef9f074f5304d9971cd99755a1b6, type: 3}
      propertyPath: m_RootOrder
      value: 2
      objectReference: {fileID: 0}
    - target: {fileID: 400000, guid: 21f9ef9f074f5304d9971cd99755a1b6, type: 3}
      propertyPath: m_LocalEulerAnglesHint.x
      value: 0
      objectReference: {fileID: 0}
    - target: {fileID: 400000, guid: 21f9ef9f074f5304d9971cd99755a1b6, type: 3}
      propertyPath: m_LocalEulerAnglesHint.y
      value: 0
      objectReference: {fileID: 0}
    - target: {fileID: 400000, guid: 21f9ef9f074f5304d9971cd99755a1b6, type: 3}
      propertyPath: m_LocalEulerAnglesHint.z
      value: 0
      objectReference: {fileID: 0}
    - target: {fileID: 400000, guid: 21f9ef9f074f5304d9971cd99755a1b6, type: 3}
      propertyPath: m_LocalScale.x
      value: 200
      objectReference: {fileID: 0}
    - target: {fileID: 400000, guid: 21f9ef9f074f5304d9971cd99755a1b6, type: 3}
      propertyPath: m_LocalScale.y
      value: 50
      objectReference: {fileID: 0}
    - target: {fileID: 400000, guid: 21f9ef9f074f5304d9971cd99755a1b6, type: 3}
      propertyPath: m_LocalScale.z
      value: 200
      objectReference: {fileID: 0}
    - target: {fileID: 2300000, guid: 21f9ef9f074f5304d9971cd99755a1b6, type: 3}
      propertyPath: m_Materials.Array.data[0]
      value: 
      objectReference: {fileID: 2100000, guid: 3949705c2c4b0fc40a1e2395b0f34e7f, type: 2}
    m_RemovedComponents: []
  m_SourcePrefab: {fileID: 100100000, guid: 21f9ef9f074f5304d9971cd99755a1b6, type: 3}
--- !u!4 &4188015699420948184 stripped
Transform:
  m_CorrespondingSourceObject: {fileID: 400000, guid: 21f9ef9f074f5304d9971cd99755a1b6,
    type: 3}
  m_PrefabInstance: {fileID: 4188015699420560472}
  m_PrefabAsset: {fileID: 0}
--- !u!1001 &4322574596847370379
PrefabInstance:
  m_ObjectHideFlags: 0
  serializedVersion: 2
  m_Modification:
    m_TransformParent: {fileID: 6706300072387434232}
    m_Modifications:
    - target: {fileID: 100000, guid: 21f9ef9f074f5304d9971cd99755a1b6, type: 3}
      propertyPath: m_Name
      value: 1
      objectReference: {fileID: 0}
    - target: {fileID: 400000, guid: 21f9ef9f074f5304d9971cd99755a1b6, type: 3}
      propertyPath: m_LocalPosition.x
      value: 0
      objectReference: {fileID: 0}
    - target: {fileID: 400000, guid: 21f9ef9f074f5304d9971cd99755a1b6, type: 3}
      propertyPath: m_LocalPosition.y
      value: 0.01
      objectReference: {fileID: 0}
    - target: {fileID: 400000, guid: 21f9ef9f074f5304d9971cd99755a1b6, type: 3}
      propertyPath: m_LocalPosition.z
      value: 0
      objectReference: {fileID: 0}
    - target: {fileID: 400000, guid: 21f9ef9f074f5304d9971cd99755a1b6, type: 3}
      propertyPath: m_LocalRotation.x
      value: -0
      objectReference: {fileID: 0}
    - target: {fileID: 400000, guid: 21f9ef9f074f5304d9971cd99755a1b6, type: 3}
      propertyPath: m_LocalRotation.y
      value: -0
      objectReference: {fileID: 0}
    - target: {fileID: 400000, guid: 21f9ef9f074f5304d9971cd99755a1b6, type: 3}
      propertyPath: m_LocalRotation.z
      value: -0
      objectReference: {fileID: 0}
    - target: {fileID: 400000, guid: 21f9ef9f074f5304d9971cd99755a1b6, type: 3}
      propertyPath: m_LocalRotation.w
      value: 1
      objectReference: {fileID: 0}
    - target: {fileID: 400000, guid: 21f9ef9f074f5304d9971cd99755a1b6, type: 3}
      propertyPath: m_RootOrder
      value: 1
      objectReference: {fileID: 0}
    - target: {fileID: 400000, guid: 21f9ef9f074f5304d9971cd99755a1b6, type: 3}
      propertyPath: m_LocalEulerAnglesHint.x
      value: 0
      objectReference: {fileID: 0}
    - target: {fileID: 400000, guid: 21f9ef9f074f5304d9971cd99755a1b6, type: 3}
      propertyPath: m_LocalEulerAnglesHint.y
      value: 0
      objectReference: {fileID: 0}
    - target: {fileID: 400000, guid: 21f9ef9f074f5304d9971cd99755a1b6, type: 3}
      propertyPath: m_LocalEulerAnglesHint.z
      value: 0
      objectReference: {fileID: 0}
    - target: {fileID: 400000, guid: 21f9ef9f074f5304d9971cd99755a1b6, type: 3}
      propertyPath: m_LocalScale.x
      value: 250
      objectReference: {fileID: 0}
    - target: {fileID: 400000, guid: 21f9ef9f074f5304d9971cd99755a1b6, type: 3}
      propertyPath: m_LocalScale.y
      value: 50
      objectReference: {fileID: 0}
    - target: {fileID: 400000, guid: 21f9ef9f074f5304d9971cd99755a1b6, type: 3}
      propertyPath: m_LocalScale.z
      value: 250
      objectReference: {fileID: 0}
    - target: {fileID: 2300000, guid: 21f9ef9f074f5304d9971cd99755a1b6, type: 3}
      propertyPath: m_Materials.Array.data[0]
      value: 
      objectReference: {fileID: 2100000, guid: 13c8086aae8778d4dbd20a3689e150b4, type: 2}
    m_RemovedComponents: []
  m_SourcePrefab: {fileID: 100100000, guid: 21f9ef9f074f5304d9971cd99755a1b6, type: 3}
--- !u!4 &4322574596846983691 stripped
Transform:
  m_CorrespondingSourceObject: {fileID: 400000, guid: 21f9ef9f074f5304d9971cd99755a1b6,
    type: 3}
  m_PrefabInstance: {fileID: 4322574596847370379}
  m_PrefabAsset: {fileID: 0}
--- !u!1001 &4874333466821878506
PrefabInstance:
  m_ObjectHideFlags: 0
  serializedVersion: 2
  m_Modification:
    m_TransformParent: {fileID: 257424491101595508}
    m_Modifications:
    - target: {fileID: 257424491101595508, guid: 6533436c212b6814fb8d055717129b2c,
        type: 3}
      propertyPath: m_LocalPosition.x
      value: 0
      objectReference: {fileID: 0}
    - target: {fileID: 257424491101595508, guid: 6533436c212b6814fb8d055717129b2c,
        type: 3}
      propertyPath: m_LocalPosition.y
      value: 0
      objectReference: {fileID: 0}
    - target: {fileID: 257424491101595508, guid: 6533436c212b6814fb8d055717129b2c,
        type: 3}
      propertyPath: m_LocalPosition.z
      value: 0
      objectReference: {fileID: 0}
    - target: {fileID: 257424491101595508, guid: 6533436c212b6814fb8d055717129b2c,
        type: 3}
      propertyPath: m_LocalRotation.x
      value: 0
      objectReference: {fileID: 0}
    - target: {fileID: 257424491101595508, guid: 6533436c212b6814fb8d055717129b2c,
        type: 3}
      propertyPath: m_LocalRotation.y
      value: 0
      objectReference: {fileID: 0}
    - target: {fileID: 257424491101595508, guid: 6533436c212b6814fb8d055717129b2c,
        type: 3}
      propertyPath: m_LocalRotation.z
      value: 0
      objectReference: {fileID: 0}
    - target: {fileID: 257424491101595508, guid: 6533436c212b6814fb8d055717129b2c,
        type: 3}
      propertyPath: m_LocalRotation.w
      value: 1
      objectReference: {fileID: 0}
    - target: {fileID: 257424491101595508, guid: 6533436c212b6814fb8d055717129b2c,
        type: 3}
      propertyPath: m_RootOrder
      value: 1
      objectReference: {fileID: 0}
    - target: {fileID: 257424491101595508, guid: 6533436c212b6814fb8d055717129b2c,
        type: 3}
      propertyPath: m_LocalEulerAnglesHint.x
      value: 0
      objectReference: {fileID: 0}
    - target: {fileID: 257424491101595508, guid: 6533436c212b6814fb8d055717129b2c,
        type: 3}
      propertyPath: m_LocalEulerAnglesHint.y
      value: 0
      objectReference: {fileID: 0}
    - target: {fileID: 257424491101595508, guid: 6533436c212b6814fb8d055717129b2c,
        type: 3}
      propertyPath: m_LocalEulerAnglesHint.z
      value: 0
      objectReference: {fileID: 0}
    - target: {fileID: 418498247390368374, guid: 6533436c212b6814fb8d055717129b2c,
        type: 3}
      propertyPath: m_IsActive
      value: 0
      objectReference: {fileID: 0}
    - target: {fileID: 739878556143973064, guid: 6533436c212b6814fb8d055717129b2c,
        type: 3}
      propertyPath: m_IsActive
      value: 0
      objectReference: {fileID: 0}
    - target: {fileID: 1036036345392513292, guid: 6533436c212b6814fb8d055717129b2c,
        type: 3}
      propertyPath: m_IsActive
      value: 0
      objectReference: {fileID: 0}
    - target: {fileID: 2594955100190214436, guid: 6533436c212b6814fb8d055717129b2c,
        type: 3}
      propertyPath: m_IsActive
      value: 0
      objectReference: {fileID: 0}
    - target: {fileID: 5875174855307194634, guid: 6533436c212b6814fb8d055717129b2c,
        type: 3}
      propertyPath: m_Name
      value: PlatformBase
      objectReference: {fileID: 0}
    - target: {fileID: 5875174855307194634, guid: 6533436c212b6814fb8d055717129b2c,
        type: 3}
      propertyPath: m_IsActive
      value: 1
      objectReference: {fileID: 0}
    - target: {fileID: 8017117576615811230, guid: 6533436c212b6814fb8d055717129b2c,
        type: 3}
      propertyPath: m_IsActive
      value: 0
      objectReference: {fileID: 0}
    - target: {fileID: 9015375444477644009, guid: 6533436c212b6814fb8d055717129b2c,
        type: 3}
      propertyPath: m_IsActive
      value: 0
      objectReference: {fileID: 0}
    m_RemovedComponents: []
  m_SourcePrefab: {fileID: 100100000, guid: 6533436c212b6814fb8d055717129b2c, type: 3}
--- !u!4 &4627327960791106974 stripped
Transform:
  m_CorrespondingSourceObject: {fileID: 257424491101595508, guid: 6533436c212b6814fb8d055717129b2c,
    type: 3}
  m_PrefabInstance: {fileID: 4874333466821878506}
  m_PrefabAsset: {fileID: 0}
--- !u!1001 &4886028744631747078
PrefabInstance:
  m_ObjectHideFlags: 0
  serializedVersion: 2
  m_Modification:
    m_TransformParent: {fileID: 6706300072387434232}
    m_Modifications:
    - target: {fileID: 100000, guid: 21f9ef9f074f5304d9971cd99755a1b6, type: 3}
      propertyPath: m_Name
      value: 1 (2)
      objectReference: {fileID: 0}
    - target: {fileID: 400000, guid: 21f9ef9f074f5304d9971cd99755a1b6, type: 3}
      propertyPath: m_LocalPosition.x
      value: 0
      objectReference: {fileID: 0}
    - target: {fileID: 400000, guid: 21f9ef9f074f5304d9971cd99755a1b6, type: 3}
      propertyPath: m_LocalPosition.y
      value: 0.03
      objectReference: {fileID: 0}
    - target: {fileID: 400000, guid: 21f9ef9f074f5304d9971cd99755a1b6, type: 3}
      propertyPath: m_LocalPosition.z
      value: 0
      objectReference: {fileID: 0}
    - target: {fileID: 400000, guid: 21f9ef9f074f5304d9971cd99755a1b6, type: 3}
      propertyPath: m_LocalRotation.x
      value: -0
      objectReference: {fileID: 0}
    - target: {fileID: 400000, guid: 21f9ef9f074f5304d9971cd99755a1b6, type: 3}
      propertyPath: m_LocalRotation.y
      value: -0
      objectReference: {fileID: 0}
    - target: {fileID: 400000, guid: 21f9ef9f074f5304d9971cd99755a1b6, type: 3}
      propertyPath: m_LocalRotation.z
      value: -0
      objectReference: {fileID: 0}
    - target: {fileID: 400000, guid: 21f9ef9f074f5304d9971cd99755a1b6, type: 3}
      propertyPath: m_LocalRotation.w
      value: 1
      objectReference: {fileID: 0}
    - target: {fileID: 400000, guid: 21f9ef9f074f5304d9971cd99755a1b6, type: 3}
      propertyPath: m_RootOrder
      value: 3
      objectReference: {fileID: 0}
    - target: {fileID: 400000, guid: 21f9ef9f074f5304d9971cd99755a1b6, type: 3}
      propertyPath: m_LocalEulerAnglesHint.x
      value: 0
      objectReference: {fileID: 0}
    - target: {fileID: 400000, guid: 21f9ef9f074f5304d9971cd99755a1b6, type: 3}
      propertyPath: m_LocalEulerAnglesHint.y
      value: 0
      objectReference: {fileID: 0}
    - target: {fileID: 400000, guid: 21f9ef9f074f5304d9971cd99755a1b6, type: 3}
      propertyPath: m_LocalEulerAnglesHint.z
      value: 0
      objectReference: {fileID: 0}
    - target: {fileID: 400000, guid: 21f9ef9f074f5304d9971cd99755a1b6, type: 3}
      propertyPath: m_LocalScale.x
      value: 150
      objectReference: {fileID: 0}
    - target: {fileID: 400000, guid: 21f9ef9f074f5304d9971cd99755a1b6, type: 3}
      propertyPath: m_LocalScale.y
      value: 50
      objectReference: {fileID: 0}
    - target: {fileID: 400000, guid: 21f9ef9f074f5304d9971cd99755a1b6, type: 3}
      propertyPath: m_LocalScale.z
      value: 150
      objectReference: {fileID: 0}
    - target: {fileID: 2300000, guid: 21f9ef9f074f5304d9971cd99755a1b6, type: 3}
      propertyPath: m_Materials.Array.data[0]
      value: 
      objectReference: {fileID: 2100000, guid: d6b1153676f9f0349a0a9257589b2147, type: 2}
    m_RemovedComponents: []
  m_SourcePrefab: {fileID: 100100000, guid: 21f9ef9f074f5304d9971cd99755a1b6, type: 3}
--- !u!4 &4886028744631359622 stripped
Transform:
  m_CorrespondingSourceObject: {fileID: 400000, guid: 21f9ef9f074f5304d9971cd99755a1b6,
    type: 3}
  m_PrefabInstance: {fileID: 4886028744631747078}
  m_PrefabAsset: {fileID: 0}
--- !u!1001 &5357520515171423878
PrefabInstance:
  m_ObjectHideFlags: 0
  serializedVersion: 2
  m_Modification:
    m_TransformParent: {fileID: 257424491101595508}
    m_Modifications:
    - target: {fileID: 1033440492506627369, guid: 37534169406154e4ca42a100491e7722,
        type: 3}
      propertyPath: m_ConnectedAnchor.x
      value: 0.0000000456348
      objectReference: {fileID: 0}
    - target: {fileID: 1033440492506627369, guid: 37534169406154e4ca42a100491e7722,
        type: 3}
      propertyPath: m_ConnectedAnchor.y
      value: 0.08340825
      objectReference: {fileID: 0}
    - target: {fileID: 1033440492506627369, guid: 37534169406154e4ca42a100491e7722,
        type: 3}
      propertyPath: m_ConnectedAnchor.z
      value: 0.000000022351745
      objectReference: {fileID: 0}
    - target: {fileID: 1033440492702229238, guid: 37534169406154e4ca42a100491e7722,
        type: 3}
      propertyPath: m_ConnectedAnchor.x
      value: 0.000000020401785
      objectReference: {fileID: 0}
    - target: {fileID: 1033440492702229238, guid: 37534169406154e4ca42a100491e7722,
        type: 3}
      propertyPath: m_ConnectedAnchor.y
      value: 0.041191194
      objectReference: {fileID: 0}
    - target: {fileID: 1033440492702229238, guid: 37534169406154e4ca42a100491e7722,
        type: 3}
      propertyPath: m_ConnectedAnchor.z
      value: 0.000000020256264
      objectReference: {fileID: 0}
    - target: {fileID: 1033440492958754807, guid: 37534169406154e4ca42a100491e7722,
        type: 3}
      propertyPath: m_ConnectedAnchor.x
      value: -0.00054260367
      objectReference: {fileID: 0}
    - target: {fileID: 1033440492958754807, guid: 37534169406154e4ca42a100491e7722,
        type: 3}
      propertyPath: m_ConnectedAnchor.y
      value: 0.13266896
      objectReference: {fileID: 0}
    - target: {fileID: 1033440492958754807, guid: 37534169406154e4ca42a100491e7722,
        type: 3}
      propertyPath: m_ConnectedAnchor.z
      value: -0.00031447317
      objectReference: {fileID: 0}
    - target: {fileID: 1033440493142499281, guid: 37534169406154e4ca42a100491e7722,
        type: 3}
      propertyPath: m_ConnectedAnchor.x
      value: -0.000000049353954
      objectReference: {fileID: 0}
    - target: {fileID: 1033440493142499281, guid: 37534169406154e4ca42a100491e7722,
        type: 3}
      propertyPath: m_ConnectedAnchor.y
      value: 0.094158925
      objectReference: {fileID: 0}
    - target: {fileID: 1033440493142499281, guid: 37534169406154e4ca42a100491e7722,
        type: 3}
      propertyPath: m_ConnectedAnchor.z
      value: -0.0000000065192243
      objectReference: {fileID: 0}
    - target: {fileID: 1033440493180972497, guid: 37534169406154e4ca42a100491e7722,
        type: 3}
      propertyPath: m_ConnectedAnchor.x
      value: -0.052422237
      objectReference: {fileID: 0}
    - target: {fileID: 1033440493180972497, guid: 37534169406154e4ca42a100491e7722,
        type: 3}
      propertyPath: m_ConnectedAnchor.y
      value: 0.0681126
      objectReference: {fileID: 0}
    - target: {fileID: 1033440493180972497, guid: 37534169406154e4ca42a100491e7722,
        type: 3}
      propertyPath: m_ConnectedAnchor.z
      value: -0.010214742
      objectReference: {fileID: 0}
    - target: {fileID: 1033440493383173035, guid: 37534169406154e4ca42a100491e7722,
        type: 3}
      propertyPath: m_ConnectedAnchor.x
      value: 0.04337939
      objectReference: {fileID: 0}
    - target: {fileID: 1033440493383173035, guid: 37534169406154e4ca42a100491e7722,
        type: 3}
      propertyPath: m_ConnectedAnchor.y
      value: -0.019612275
      objectReference: {fileID: 0}
    - target: {fileID: 1033440493383173035, guid: 37534169406154e4ca42a100491e7722,
        type: 3}
      propertyPath: m_ConnectedAnchor.z
      value: -0.000547634
      objectReference: {fileID: 0}
    - target: {fileID: 1033440493459963331, guid: 37534169406154e4ca42a100491e7722,
        type: 3}
      propertyPath: m_ConnectedAnchor.x
      value: 0.051218826
      objectReference: {fileID: 0}
    - target: {fileID: 1033440493459963331, guid: 37534169406154e4ca42a100491e7722,
        type: 3}
      propertyPath: m_ConnectedAnchor.y
      value: 0.06729274
      objectReference: {fileID: 0}
    - target: {fileID: 1033440493459963331, guid: 37534169406154e4ca42a100491e7722,
        type: 3}
      propertyPath: m_ConnectedAnchor.z
      value: 0.012843089
      objectReference: {fileID: 0}
    - target: {fileID: 1033440493576328614, guid: 37534169406154e4ca42a100491e7722,
        type: 3}
      propertyPath: m_ConnectedAnchor.x
      value: -0.00000003179593
      objectReference: {fileID: 0}
    - target: {fileID: 1033440493576328614, guid: 37534169406154e4ca42a100491e7722,
        type: 3}
      propertyPath: m_ConnectedAnchor.y
      value: 0.083418086
      objectReference: {fileID: 0}
    - target: {fileID: 1033440493576328614, guid: 37534169406154e4ca42a100491e7722,
        type: 3}
      propertyPath: m_ConnectedAnchor.z
      value: -0.000000011175869
      objectReference: {fileID: 0}
    - target: {fileID: 1033440493637290138, guid: 37534169406154e4ca42a100491e7722,
        type: 3}
      propertyPath: m_ConnectedAnchor.x
      value: -0.043379422
      objectReference: {fileID: 0}
    - target: {fileID: 1033440493637290138, guid: 37534169406154e4ca42a100491e7722,
        type: 3}
      propertyPath: m_ConnectedAnchor.y
      value: -0.019612279
      objectReference: {fileID: 0}
    - target: {fileID: 1033440493637290138, guid: 37534169406154e4ca42a100491e7722,
        type: 3}
      propertyPath: m_ConnectedAnchor.z
      value: -0.0008190805
      objectReference: {fileID: 0}
    - target: {fileID: 1033440493709441144, guid: 37534169406154e4ca42a100491e7722,
        type: 3}
      propertyPath: m_ConnectedAnchor.x
      value: 0.000000014898475
      objectReference: {fileID: 0}
    - target: {fileID: 1033440493709441144, guid: 37534169406154e4ca42a100491e7722,
        type: 3}
      propertyPath: m_ConnectedAnchor.y
      value: 0.09415962
      objectReference: {fileID: 0}
    - target: {fileID: 1033440493709441144, guid: 37534169406154e4ca42a100491e7722,
        type: 3}
      propertyPath: m_ConnectedAnchor.z
      value: -0.000000050291373
      objectReference: {fileID: 0}
    - target: {fileID: 2934846060136982120, guid: 37534169406154e4ca42a100491e7722,
        type: 3}
      propertyPath: m_LocalPosition.x
      value: 0.7
      objectReference: {fileID: 0}
    - target: {fileID: 2934846060136982120, guid: 37534169406154e4ca42a100491e7722,
        type: 3}
      propertyPath: m_LocalPosition.y
      value: -2.5
      objectReference: {fileID: 0}
    - target: {fileID: 2934846060136982120, guid: 37534169406154e4ca42a100491e7722,
        type: 3}
      propertyPath: m_LocalPosition.z
      value: -10.8
      objectReference: {fileID: 0}
    - target: {fileID: 2934846060136982120, guid: 37534169406154e4ca42a100491e7722,
        type: 3}
      propertyPath: m_LocalRotation.x
      value: 0
      objectReference: {fileID: 0}
    - target: {fileID: 2934846060136982120, guid: 37534169406154e4ca42a100491e7722,
        type: 3}
      propertyPath: m_LocalRotation.y
      value: 1
      objectReference: {fileID: 0}
    - target: {fileID: 2934846060136982120, guid: 37534169406154e4ca42a100491e7722,
        type: 3}
      propertyPath: m_LocalRotation.z
      value: 0
      objectReference: {fileID: 0}
    - target: {fileID: 2934846060136982120, guid: 37534169406154e4ca42a100491e7722,
        type: 3}
      propertyPath: m_LocalRotation.w
      value: 0
      objectReference: {fileID: 0}
    - target: {fileID: 2934846060136982120, guid: 37534169406154e4ca42a100491e7722,
        type: 3}
      propertyPath: m_RootOrder
      value: 2
      objectReference: {fileID: 0}
    - target: {fileID: 2934846060136982120, guid: 37534169406154e4ca42a100491e7722,
        type: 3}
      propertyPath: m_LocalEulerAnglesHint.x
      value: 0
      objectReference: {fileID: 0}
    - target: {fileID: 2934846060136982120, guid: 37534169406154e4ca42a100491e7722,
        type: 3}
      propertyPath: m_LocalEulerAnglesHint.y
      value: 180
      objectReference: {fileID: 0}
    - target: {fileID: 2934846060136982120, guid: 37534169406154e4ca42a100491e7722,
        type: 3}
      propertyPath: m_LocalEulerAnglesHint.z
      value: 0
      objectReference: {fileID: 0}
    - target: {fileID: 3282563561134706224, guid: 37534169406154e4ca42a100491e7722,
        type: 3}
      propertyPath: m_Name
      value: Enemy (2)
      objectReference: {fileID: 0}
    - target: {fileID: 3282563561134706224, guid: 37534169406154e4ca42a100491e7722,
        type: 3}
      propertyPath: m_IsActive
      value: 1
      objectReference: {fileID: 0}
    - target: {fileID: 3491025952524276213, guid: 37534169406154e4ca42a100491e7722,
        type: 3}
      propertyPath: moveActive
      value: 1
      objectReference: {fileID: 0}
    - target: {fileID: 3491025952524276213, guid: 37534169406154e4ca42a100491e7722,
        type: 3}
      propertyPath: leftRight_SpeedMax
      value: 1
      objectReference: {fileID: 0}
    - target: {fileID: 3491025952524276213, guid: 37534169406154e4ca42a100491e7722,
        type: 3}
      propertyPath: walkingSpeedTowardsPlayer
      value: 1
      objectReference: {fileID: 0}
    m_RemovedComponents: []
  m_SourcePrefab: {fileID: 100100000, guid: 37534169406154e4ca42a100491e7722, type: 3}
--- !u!4 &7125563726580838638 stripped
Transform:
  m_CorrespondingSourceObject: {fileID: 2934846060136982120, guid: 37534169406154e4ca42a100491e7722,
    type: 3}
  m_PrefabInstance: {fileID: 5357520515171423878}
  m_PrefabAsset: {fileID: 0}
--- !u!1001 &5750288829774493045
PrefabInstance:
  m_ObjectHideFlags: 0
  serializedVersion: 2
  m_Modification:
    m_TransformParent: {fileID: 257424491101595508}
    m_Modifications:
    - target: {fileID: 1287272898028398252, guid: b5e509801caf4f547abe61af0bfcee5c,
        type: 3}
      propertyPath: m_Name
      value: Wall (3)
      objectReference: {fileID: 0}
    - target: {fileID: 4368303057021738950, guid: b5e509801caf4f547abe61af0bfcee5c,
        type: 3}
      propertyPath: movailableWall
      value: 1
      objectReference: {fileID: 0}
    - target: {fileID: 4368303057021738950, guid: b5e509801caf4f547abe61af0bfcee5c,
        type: 3}
      propertyPath: movingZLimit
      value: 10
      objectReference: {fileID: 0}
    - target: {fileID: 4368303057021738950, guid: b5e509801caf4f547abe61af0bfcee5c,
        type: 3}
      propertyPath: movingTime
      value: 1
      objectReference: {fileID: 0}
    - target: {fileID: 5658417364024485610, guid: b5e509801caf4f547abe61af0bfcee5c,
        type: 3}
      propertyPath: m_LocalPosition.x
      value: 10.2
      objectReference: {fileID: 0}
    - target: {fileID: 5658417364024485610, guid: b5e509801caf4f547abe61af0bfcee5c,
        type: 3}
      propertyPath: m_LocalPosition.y
      value: 0.3
      objectReference: {fileID: 0}
    - target: {fileID: 5658417364024485610, guid: b5e509801caf4f547abe61af0bfcee5c,
        type: 3}
      propertyPath: m_LocalPosition.z
      value: -10.6
      objectReference: {fileID: 0}
    - target: {fileID: 5658417364024485610, guid: b5e509801caf4f547abe61af0bfcee5c,
        type: 3}
      propertyPath: m_LocalRotation.x
      value: -0
      objectReference: {fileID: 0}
    - target: {fileID: 5658417364024485610, guid: b5e509801caf4f547abe61af0bfcee5c,
        type: 3}
      propertyPath: m_LocalRotation.y
      value: -0
      objectReference: {fileID: 0}
    - target: {fileID: 5658417364024485610, guid: b5e509801caf4f547abe61af0bfcee5c,
        type: 3}
      propertyPath: m_LocalRotation.z
      value: -0
      objectReference: {fileID: 0}
    - target: {fileID: 5658417364024485610, guid: b5e509801caf4f547abe61af0bfcee5c,
        type: 3}
      propertyPath: m_LocalRotation.w
      value: 1
      objectReference: {fileID: 0}
    - target: {fileID: 5658417364024485610, guid: b5e509801caf4f547abe61af0bfcee5c,
        type: 3}
      propertyPath: m_RootOrder
      value: 5
      objectReference: {fileID: 0}
    - target: {fileID: 5658417364024485610, guid: b5e509801caf4f547abe61af0bfcee5c,
        type: 3}
      propertyPath: m_LocalEulerAnglesHint.x
      value: 0
      objectReference: {fileID: 0}
    - target: {fileID: 5658417364024485610, guid: b5e509801caf4f547abe61af0bfcee5c,
        type: 3}
      propertyPath: m_LocalEulerAnglesHint.y
      value: 0
      objectReference: {fileID: 0}
    - target: {fileID: 5658417364024485610, guid: b5e509801caf4f547abe61af0bfcee5c,
        type: 3}
      propertyPath: m_LocalEulerAnglesHint.z
      value: 0
      objectReference: {fileID: 0}
    - target: {fileID: 5658417364024485610, guid: b5e509801caf4f547abe61af0bfcee5c,
        type: 3}
      propertyPath: m_LocalScale.z
      value: 10
      objectReference: {fileID: 0}
    m_RemovedComponents: []
  m_SourcePrefab: {fileID: 100100000, guid: b5e509801caf4f547abe61af0bfcee5c, type: 3}
--- !u!4 &93341551485129631 stripped
Transform:
  m_CorrespondingSourceObject: {fileID: 5658417364024485610, guid: b5e509801caf4f547abe61af0bfcee5c,
    type: 3}
  m_PrefabInstance: {fileID: 5750288829774493045}
  m_PrefabAsset: {fileID: 0}
--- !u!1001 &8502055121981697250
PrefabInstance:
  m_ObjectHideFlags: 0
  serializedVersion: 2
  m_Modification:
    m_TransformParent: {fileID: 257424491101595508}
    m_Modifications:
    - target: {fileID: 1033440492506627369, guid: 37534169406154e4ca42a100491e7722,
        type: 3}
      propertyPath: m_ConnectedAnchor.x
      value: -0.0000000745058
      objectReference: {fileID: 0}
    - target: {fileID: 1033440492506627369, guid: 37534169406154e4ca42a100491e7722,
        type: 3}
      propertyPath: m_ConnectedAnchor.y
      value: 0.08340824
      objectReference: {fileID: 0}
    - target: {fileID: 1033440492506627369, guid: 37534169406154e4ca42a100491e7722,
        type: 3}
      propertyPath: m_ConnectedAnchor.z
      value: -0.000000033527616
      objectReference: {fileID: 0}
    - target: {fileID: 1033440492702229238, guid: 37534169406154e4ca42a100491e7722,
        type: 3}
      propertyPath: m_ConnectedAnchor.x
      value: -0.000000005355105
      objectReference: {fileID: 0}
    - target: {fileID: 1033440492702229238, guid: 37534169406154e4ca42a100491e7722,
        type: 3}
      propertyPath: m_ConnectedAnchor.y
      value: 0.041191194
      objectReference: {fileID: 0}
    - target: {fileID: 1033440492702229238, guid: 37534169406154e4ca42a100491e7722,
        type: 3}
      propertyPath: m_ConnectedAnchor.z
      value: -0.000000102794715
      objectReference: {fileID: 0}
    - target: {fileID: 1033440492958754807, guid: 37534169406154e4ca42a100491e7722,
        type: 3}
      propertyPath: m_ConnectedAnchor.x
      value: -0.00054260367
      objectReference: {fileID: 0}
    - target: {fileID: 1033440492958754807, guid: 37534169406154e4ca42a100491e7722,
        type: 3}
      propertyPath: m_ConnectedAnchor.y
      value: 0.13266896
      objectReference: {fileID: 0}
    - target: {fileID: 1033440492958754807, guid: 37534169406154e4ca42a100491e7722,
        type: 3}
      propertyPath: m_ConnectedAnchor.z
      value: -0.00031447317
      objectReference: {fileID: 0}
    - target: {fileID: 1033440493142499281, guid: 37534169406154e4ca42a100491e7722,
        type: 3}
      propertyPath: m_ConnectedAnchor.x
      value: -0.000000040041886
      objectReference: {fileID: 0}
    - target: {fileID: 1033440493142499281, guid: 37534169406154e4ca42a100491e7722,
        type: 3}
      propertyPath: m_ConnectedAnchor.y
      value: 0.094158925
      objectReference: {fileID: 0}
    - target: {fileID: 1033440493142499281, guid: 37534169406154e4ca42a100491e7722,
        type: 3}
      propertyPath: m_ConnectedAnchor.z
      value: -0.000000017229379
      objectReference: {fileID: 0}
    - target: {fileID: 1033440493180972497, guid: 37534169406154e4ca42a100491e7722,
        type: 3}
      propertyPath: m_ConnectedAnchor.x
      value: -0.05242219
      objectReference: {fileID: 0}
    - target: {fileID: 1033440493180972497, guid: 37534169406154e4ca42a100491e7722,
        type: 3}
      propertyPath: m_ConnectedAnchor.y
      value: 0.068112604
      objectReference: {fileID: 0}
    - target: {fileID: 1033440493180972497, guid: 37534169406154e4ca42a100491e7722,
        type: 3}
      propertyPath: m_ConnectedAnchor.z
      value: -0.010214625
      objectReference: {fileID: 0}
    - target: {fileID: 1033440493383173035, guid: 37534169406154e4ca42a100491e7722,
        type: 3}
      propertyPath: m_ConnectedAnchor.x
      value: 0.043379404
      objectReference: {fileID: 0}
    - target: {fileID: 1033440493383173035, guid: 37534169406154e4ca42a100491e7722,
        type: 3}
      propertyPath: m_ConnectedAnchor.y
      value: -0.019612275
      objectReference: {fileID: 0}
    - target: {fileID: 1033440493383173035, guid: 37534169406154e4ca42a100491e7722,
        type: 3}
      propertyPath: m_ConnectedAnchor.z
      value: -0.00054762466
      objectReference: {fileID: 0}
    - target: {fileID: 1033440493459963331, guid: 37534169406154e4ca42a100491e7722,
        type: 3}
      propertyPath: m_ConnectedAnchor.x
      value: 0.051218856
      objectReference: {fileID: 0}
    - target: {fileID: 1033440493459963331, guid: 37534169406154e4ca42a100491e7722,
        type: 3}
      propertyPath: m_ConnectedAnchor.y
      value: 0.06729274
      objectReference: {fileID: 0}
    - target: {fileID: 1033440493459963331, guid: 37534169406154e4ca42a100491e7722,
        type: 3}
      propertyPath: m_ConnectedAnchor.z
      value: 0.012843082
      objectReference: {fileID: 0}
    - target: {fileID: 1033440493576328614, guid: 37534169406154e4ca42a100491e7722,
        type: 3}
      propertyPath: m_ConnectedAnchor.x
      value: -0.00000003179593
      objectReference: {fileID: 0}
    - target: {fileID: 1033440493576328614, guid: 37534169406154e4ca42a100491e7722,
        type: 3}
      propertyPath: m_ConnectedAnchor.y
      value: 0.083418086
      objectReference: {fileID: 0}
    - target: {fileID: 1033440493576328614, guid: 37534169406154e4ca42a100491e7722,
        type: 3}
      propertyPath: m_ConnectedAnchor.z
      value: -0.000000011175869
      objectReference: {fileID: 0}
    - target: {fileID: 1033440493637290138, guid: 37534169406154e4ca42a100491e7722,
        type: 3}
      propertyPath: m_ConnectedAnchor.x
      value: -0.04337938
      objectReference: {fileID: 0}
    - target: {fileID: 1033440493637290138, guid: 37534169406154e4ca42a100491e7722,
        type: 3}
      propertyPath: m_ConnectedAnchor.y
      value: -0.019612275
      objectReference: {fileID: 0}
    - target: {fileID: 1033440493637290138, guid: 37534169406154e4ca42a100491e7722,
        type: 3}
      propertyPath: m_ConnectedAnchor.z
      value: -0.0008192025
      objectReference: {fileID: 0}
    - target: {fileID: 1033440493709441144, guid: 37534169406154e4ca42a100491e7722,
        type: 3}
      propertyPath: m_ConnectedAnchor.x
      value: -0.000000014898475
      objectReference: {fileID: 0}
    - target: {fileID: 1033440493709441144, guid: 37534169406154e4ca42a100491e7722,
        type: 3}
      propertyPath: m_ConnectedAnchor.y
      value: 0.09415961
      objectReference: {fileID: 0}
    - target: {fileID: 1033440493709441144, guid: 37534169406154e4ca42a100491e7722,
        type: 3}
      propertyPath: m_ConnectedAnchor.z
      value: -0.0000000428408
      objectReference: {fileID: 0}
    - target: {fileID: 2934846060136982120, guid: 37534169406154e4ca42a100491e7722,
        type: 3}
      propertyPath: m_LocalPosition.x
      value: 1
      objectReference: {fileID: 0}
    - target: {fileID: 2934846060136982120, guid: 37534169406154e4ca42a100491e7722,
        type: 3}
      propertyPath: m_LocalPosition.y
      value: -2.5
      objectReference: {fileID: 0}
    - target: {fileID: 2934846060136982120, guid: 37534169406154e4ca42a100491e7722,
        type: 3}
      propertyPath: m_LocalPosition.z
      value: -29.5
      objectReference: {fileID: 0}
    - target: {fileID: 2934846060136982120, guid: 37534169406154e4ca42a100491e7722,
        type: 3}
      propertyPath: m_LocalRotation.x
      value: 0
      objectReference: {fileID: 0}
    - target: {fileID: 2934846060136982120, guid: 37534169406154e4ca42a100491e7722,
        type: 3}
      propertyPath: m_LocalRotation.y
      value: 1
      objectReference: {fileID: 0}
    - target: {fileID: 2934846060136982120, guid: 37534169406154e4ca42a100491e7722,
        type: 3}
      propertyPath: m_LocalRotation.z
      value: 0
      objectReference: {fileID: 0}
    - target: {fileID: 2934846060136982120, guid: 37534169406154e4ca42a100491e7722,
        type: 3}
      propertyPath: m_LocalRotation.w
      value: 0
      objectReference: {fileID: 0}
    - target: {fileID: 2934846060136982120, guid: 37534169406154e4ca42a100491e7722,
        type: 3}
      propertyPath: m_RootOrder
      value: 7
      objectReference: {fileID: 0}
    - target: {fileID: 2934846060136982120, guid: 37534169406154e4ca42a100491e7722,
        type: 3}
      propertyPath: m_LocalEulerAnglesHint.x
      value: 0
      objectReference: {fileID: 0}
    - target: {fileID: 2934846060136982120, guid: 37534169406154e4ca42a100491e7722,
        type: 3}
      propertyPath: m_LocalEulerAnglesHint.y
      value: 180
      objectReference: {fileID: 0}
    - target: {fileID: 2934846060136982120, guid: 37534169406154e4ca42a100491e7722,
        type: 3}
      propertyPath: m_LocalEulerAnglesHint.z
      value: 0
      objectReference: {fileID: 0}
    - target: {fileID: 3282563561134706224, guid: 37534169406154e4ca42a100491e7722,
        type: 3}
      propertyPath: m_Name
      value: Enemy (1)
      objectReference: {fileID: 0}
    - target: {fileID: 3282563561134706224, guid: 37534169406154e4ca42a100491e7722,
        type: 3}
      propertyPath: m_IsActive
      value: 1
      objectReference: {fileID: 0}
    - target: {fileID: 3491025952524276213, guid: 37534169406154e4ca42a100491e7722,
        type: 3}
      propertyPath: moveActive
      value: 1
      objectReference: {fileID: 0}
    - target: {fileID: 3491025952524276213, guid: 37534169406154e4ca42a100491e7722,
        type: 3}
      propertyPath: leftRight_SpeedMax
      value: 1
      objectReference: {fileID: 0}
    - target: {fileID: 3491025952524276213, guid: 37534169406154e4ca42a100491e7722,
        type: 3}
      propertyPath: walkingSpeedTowardsPlayer
      value: 1
      objectReference: {fileID: 0}
    m_RemovedComponents: []
  m_SourcePrefab: {fileID: 100100000, guid: 37534169406154e4ca42a100491e7722, type: 3}
--- !u!4 &6721610243365210762 stripped
Transform:
  m_CorrespondingSourceObject: {fileID: 2934846060136982120, guid: 37534169406154e4ca42a100491e7722,
    type: 3}
  m_PrefabInstance: {fileID: 8502055121981697250}
  m_PrefabAsset: {fileID: 0}
