%YAML 1.1
%TAG !u! tag:unity3d.com,2011:
--- !u!1 &2268467176535956888
GameObject:
  m_ObjectHideFlags: 0
  m_CorrespondingSourceObject: {fileID: 0}
  m_PrefabInstance: {fileID: 0}
  m_PrefabAsset: {fileID: 0}
  serializedVersion: 6
  m_Component:
  - component: {fileID: 2268467176535956889}
  - component: {fileID: 233741901289774633}
  - component: {fileID: 2988650695314645498}
  m_Layer: 0
  m_Name: Bomb
  m_TagString: Bomb
  m_Icon: {fileID: 0}
  m_NavMeshLayer: 0
  m_StaticEditorFlags: 0
  m_IsActive: 1
--- !u!4 &2268467176535956889
Transform:
  m_ObjectHideFlags: 0
  m_CorrespondingSourceObject: {fileID: 0}
  m_PrefabInstance: {fileID: 0}
  m_PrefabAsset: {fileID: 0}
  m_GameObject: {fileID: 2268467176535956888}
  m_LocalRotation: {x: 0, y: 0, z: 0, w: 1}
  m_LocalPosition: {x: 0, y: 0, z: 0}
  m_LocalScale: {x: 1, y: 1, z: 1}
  m_Children:
  - {fileID: 9099517007083980806}
  m_Father: {fileID: 0}
  m_RootOrder: 0
  m_LocalEulerAnglesHint: {x: 0, y: 0, z: 0}
--- !u!114 &233741901289774633
MonoBehaviour:
  m_ObjectHideFlags: 0
  m_CorrespondingSourceObject: {fileID: 0}
  m_PrefabInstance: {fileID: 0}
  m_PrefabAsset: {fileID: 0}
  m_GameObject: {fileID: 2268467176535956888}
  m_Enabled: 1
  m_EditorHideFlags: 0
  m_Script: {fileID: 11500000, guid: a99b8332be3de0843b1ab727c4926749, type: 3}
  m_Name: 
  m_EditorClassIdentifier: 
  IsGameStarted: 0
  EventGameStatus:
    m_PersistentCalls:
      m_Calls: []
  IsStoreCollisions: 0
  IsStoreTriggers: 0
  IsListenTouchEvent: 0
  rb: {fileID: 0}
  EventCollision:
    m_PersistentCalls:
      m_Calls: []
  PrefabName: 
  IsInited: 0
  heightProgress: 0
  JumpProgress: 0
  inLine: 0
  jumpCont: 0
  activeTween: 0
  activeJumpTween: 0
  activeZTween: 0
--- !u!114 &2988650695314645498
MonoBehaviour:
  m_ObjectHideFlags: 0
  m_CorrespondingSourceObject: {fileID: 0}
  m_PrefabInstance: {fileID: 0}
  m_PrefabAsset: {fileID: 0}
  m_GameObject: {fileID: 2268467176535956888}
  m_Enabled: 1
  m_EditorHideFlags: 0
  m_Script: {fileID: 11500000, guid: 3a3840b7d0d6cfe429275e3041f1a1fa, type: 3}
  m_Name: 
  m_EditorClassIdentifier: 
  IsGameStarted: 0
  EventGameStatus:
    m_PersistentCalls:
      m_Calls: []
  IsStoreCollisions: 0
  IsStoreTriggers: 0
  IsListenTouchEvent: 0
  rb: {fileID: 0}
  EventCollision:
    m_PersistentCalls:
      m_Calls: []
  PrefabName: 
  IsInited: 0
--- !u!1 &3959738766644419408
GameObject:
  m_ObjectHideFlags: 0
  m_CorrespondingSourceObject: {fileID: 0}
  m_PrefabInstance: {fileID: 0}
  m_PrefabAsset: {fileID: 0}
  serializedVersion: 6
  m_Component:
  - component: {fileID: 3695264165437529584}
  m_Layer: 0
  m_Name: Tramboline
  m_TagString: Untagged
  m_Icon: {fileID: 0}
  m_NavMeshLayer: 0
  m_StaticEditorFlags: 0
  m_IsActive: 0
--- !u!4 &3695264165437529584
Transform:
  m_ObjectHideFlags: 0
  m_CorrespondingSourceObject: {fileID: 0}
  m_PrefabInstance: {fileID: 0}
  m_PrefabAsset: {fileID: 0}
  m_GameObject: {fileID: 3959738766644419408}
  m_LocalRotation: {x: 0, y: 0, z: 0, w: 1}
  m_LocalPosition: {x: 0, y: 0, z: 0}
  m_LocalScale: {x: 1, y: 1, z: 1}
  m_Children:
  - {fileID: 6438097702512813844}
  m_Father: {fileID: 9099517007083980806}
  m_RootOrder: 1
  m_LocalEulerAnglesHint: {x: 0, y: 0, z: 0}
--- !u!1 &8018352683158360043
GameObject:
  m_ObjectHideFlags: 0
  m_CorrespondingSourceObject: {fileID: 0}
  m_PrefabInstance: {fileID: 0}
  m_PrefabAsset: {fileID: 0}
  serializedVersion: 6
  m_Component:
  - component: {fileID: 9099517007083980806}
  - component: {fileID: 4240689910735781219}
  - component: {fileID: 4765272411417384608}
  m_Layer: 0
  m_Name: bombRoot
  m_TagString: bombTemp
  m_Icon: {fileID: 0}
  m_NavMeshLayer: 0
  m_StaticEditorFlags: 0
  m_IsActive: 1
--- !u!4 &9099517007083980806
Transform:
  m_ObjectHideFlags: 0
  m_CorrespondingSourceObject: {fileID: 0}
  m_PrefabInstance: {fileID: 0}
  m_PrefabAsset: {fileID: 0}
  m_GameObject: {fileID: 8018352683158360043}
  m_LocalRotation: {x: 0, y: 0, z: 0, w: 1}
  m_LocalPosition: {x: 0, y: 0, z: 0}
  m_LocalScale: {x: 1, y: 1, z: 1}
  m_Children:
  - {fileID: 4952749416911776417}
  - {fileID: 3695264165437529584}
  m_Father: {fileID: 2268467176535956889}
  m_RootOrder: 0
  m_LocalEulerAnglesHint: {x: 0, y: 0, z: 0}
--- !u!54 &4240689910735781219
Rigidbody:
  m_ObjectHideFlags: 0
  m_CorrespondingSourceObject: {fileID: 0}
  m_PrefabInstance: {fileID: 0}
  m_PrefabAsset: {fileID: 0}
  m_GameObject: {fileID: 8018352683158360043}
  serializedVersion: 2
  m_Mass: 1
  m_Drag: 0
  m_AngularDrag: 0.05
  m_UseGravity: 0
  m_IsKinematic: 1
  m_Interpolate: 0
  m_Constraints: 0
  m_CollisionDetection: 0
--- !u!65 &4765272411417384608
BoxCollider:
  m_ObjectHideFlags: 0
  m_CorrespondingSourceObject: {fileID: 0}
  m_PrefabInstance: {fileID: 0}
  m_PrefabAsset: {fileID: 0}
  m_GameObject: {fileID: 8018352683158360043}
  m_Material: {fileID: 0}
  m_IsTrigger: 1
  m_Enabled: 1
  serializedVersion: 2
  m_Size: {x: 3, y: 2, z: 3.3}
  m_Center: {x: 0, y: 2, z: 0.3}
--- !u!1001 &126390597200445883
PrefabInstance:
  m_ObjectHideFlags: 0
  serializedVersion: 2
  m_Modification:
    m_TransformParent: {fileID: 9099517007083980806}
    m_Modifications:
    - target: {fileID: -4216859302048453862, guid: 9646e4a1042cb724ab9b03014334b9c4,
        type: 3}
      propertyPath: m_LocalPosition.x
      value: 0
      objectReference: {fileID: 0}
    - target: {fileID: -4216859302048453862, guid: 9646e4a1042cb724ab9b03014334b9c4,
        type: 3}
      propertyPath: m_LocalPosition.y
      value: 1.75
      objectReference: {fileID: 0}
    - target: {fileID: -4216859302048453862, guid: 9646e4a1042cb724ab9b03014334b9c4,
        type: 3}
      propertyPath: m_LocalPosition.z
      value: 0
      objectReference: {fileID: 0}
    - target: {fileID: -4216859302048453862, guid: 9646e4a1042cb724ab9b03014334b9c4,
        type: 3}
      propertyPath: m_LocalRotation.x
      value: -4.32978e-17
      objectReference: {fileID: 0}
    - target: {fileID: -4216859302048453862, guid: 9646e4a1042cb724ab9b03014334b9c4,
        type: 3}
      propertyPath: m_LocalRotation.y
      value: 0.7071067
      objectReference: {fileID: 0}
    - target: {fileID: -4216859302048453862, guid: 9646e4a1042cb724ab9b03014334b9c4,
        type: 3}
      propertyPath: m_LocalRotation.z
      value: 0.7071068
      objectReference: {fileID: 0}
    - target: {fileID: -4216859302048453862, guid: 9646e4a1042cb724ab9b03014334b9c4,
        type: 3}
      propertyPath: m_LocalRotation.w
      value: -4.3297806e-17
      objectReference: {fileID: 0}
    - target: {fileID: -4216859302048453862, guid: 9646e4a1042cb724ab9b03014334b9c4,
        type: 3}
      propertyPath: m_RootOrder
      value: 0
      objectReference: {fileID: 0}
    - target: {fileID: -4216859302048453862, guid: 9646e4a1042cb724ab9b03014334b9c4,
        type: 3}
      propertyPath: m_LocalEulerAnglesHint.x
      value: 0
      objectReference: {fileID: 0}
    - target: {fileID: -4216859302048453862, guid: 9646e4a1042cb724ab9b03014334b9c4,
        type: 3}
      propertyPath: m_LocalEulerAnglesHint.y
      value: 0
      objectReference: {fileID: 0}
    - target: {fileID: -4216859302048453862, guid: 9646e4a1042cb724ab9b03014334b9c4,
        type: 3}
      propertyPath: m_LocalEulerAnglesHint.z
      value: 0
      objectReference: {fileID: 0}
    - target: {fileID: -4216859302048453862, guid: 9646e4a1042cb724ab9b03014334b9c4,
        type: 3}
      propertyPath: m_LocalScale.y
      value: 0.009999999
      objectReference: {fileID: 0}
    - target: {fileID: -4216859302048453862, guid: 9646e4a1042cb724ab9b03014334b9c4,
        type: 3}
      propertyPath: m_LocalScale.z
      value: 0.009999999
      objectReference: {fileID: 0}
    - target: {fileID: -927199367670048503, guid: 9646e4a1042cb724ab9b03014334b9c4,
        type: 3}
      propertyPath: m_Name
      value: NewBomb01
      objectReference: {fileID: 0}
    - target: {fileID: -927199367670048503, guid: 9646e4a1042cb724ab9b03014334b9c4,
        type: 3}
      propertyPath: m_IsActive
      value: 1
      objectReference: {fileID: 0}
    m_RemovedComponents: []
  m_SourcePrefab: {fileID: 100100000, guid: 9646e4a1042cb724ab9b03014334b9c4, type: 3}
--- !u!4 &4952749416911776417 stripped
Transform:
  m_CorrespondingSourceObject: {fileID: -4216859302048453862, guid: 9646e4a1042cb724ab9b03014334b9c4,
    type: 3}
  m_PrefabInstance: {fileID: 126390597200445883}
  m_PrefabAsset: {fileID: 0}
--- !u!1001 &2027186568184286222
PrefabInstance:
  m_ObjectHideFlags: 0
  serializedVersion: 2
  m_Modification:
    m_TransformParent: {fileID: 3695264165437529584}
    m_Modifications:
    - target: {fileID: -4216859302048453862, guid: a24541196fabf8e4d9b0934b7338c95b,
        type: 3}
      propertyPath: m_LocalPosition.x
      value: 0
      objectReference: {fileID: 0}
    - target: {fileID: -4216859302048453862, guid: a24541196fabf8e4d9b0934b7338c95b,
        type: 3}
      propertyPath: m_LocalPosition.y
      value: 1.75
      objectReference: {fileID: 0}
    - target: {fileID: -4216859302048453862, guid: a24541196fabf8e4d9b0934b7338c95b,
        type: 3}
      propertyPath: m_LocalPosition.z
      value: 0
      objectReference: {fileID: 0}
    - target: {fileID: -4216859302048453862, guid: a24541196fabf8e4d9b0934b7338c95b,
        type: 3}
      propertyPath: m_LocalRotation.x
      value: -4.32978e-17
      objectReference: {fileID: 0}
    - target: {fileID: -4216859302048453862, guid: a24541196fabf8e4d9b0934b7338c95b,
        type: 3}
      propertyPath: m_LocalRotation.y
      value: 0.7071067
      objectReference: {fileID: 0}
    - target: {fileID: -4216859302048453862, guid: a24541196fabf8e4d9b0934b7338c95b,
        type: 3}
      propertyPath: m_LocalRotation.z
      value: 0.7071068
      objectReference: {fileID: 0}
    - target: {fileID: -4216859302048453862, guid: a24541196fabf8e4d9b0934b7338c95b,
        type: 3}
      propertyPath: m_LocalRotation.w
      value: -4.3297806e-17
      objectReference: {fileID: 0}
    - target: {fileID: -4216859302048453862, guid: a24541196fabf8e4d9b0934b7338c95b,
        type: 3}
      propertyPath: m_RootOrder
      value: 0
      objectReference: {fileID: 0}
    - target: {fileID: -4216859302048453862, guid: a24541196fabf8e4d9b0934b7338c95b,
        type: 3}
      propertyPath: m_LocalEulerAnglesHint.x
      value: 0
      objectReference: {fileID: 0}
    - target: {fileID: -4216859302048453862, guid: a24541196fabf8e4d9b0934b7338c95b,
        type: 3}
      propertyPath: m_LocalEulerAnglesHint.y
      value: 0
      objectReference: {fileID: 0}
    - target: {fileID: -4216859302048453862, guid: a24541196fabf8e4d9b0934b7338c95b,
        type: 3}
      propertyPath: m_LocalEulerAnglesHint.z
      value: 0
      objectReference: {fileID: 0}
    - target: {fileID: -4216859302048453862, guid: a24541196fabf8e4d9b0934b7338c95b,
        type: 3}
      propertyPath: m_LocalScale.x
      value: 15
      objectReference: {fileID: 0}
    - target: {fileID: -4216859302048453862, guid: a24541196fabf8e4d9b0934b7338c95b,
        type: 3}
      propertyPath: m_LocalScale.y
      value: 15
      objectReference: {fileID: 0}
    - target: {fileID: -4216859302048453862, guid: a24541196fabf8e4d9b0934b7338c95b,
        type: 3}
      propertyPath: m_LocalScale.z
      value: 15
      objectReference: {fileID: 0}
    - target: {fileID: -927199367670048503, guid: a24541196fabf8e4d9b0934b7338c95b,
        type: 3}
      propertyPath: m_Name
      value: YaySolo
      objectReference: {fileID: 0}
    m_RemovedComponents: []
  m_SourcePrefab: {fileID: 100100000, guid: a24541196fabf8e4d9b0934b7338c95b, type: 3}
--- !u!4 &6438097702512813844 stripped
Transform:
  m_CorrespondingSourceObject: {fileID: -4216859302048453862, guid: a24541196fabf8e4d9b0934b7338c95b,
    type: 3}
  m_PrefabInstance: {fileID: 2027186568184286222}
  m_PrefabAsset: {fileID: 0}
