%YAML 1.1
%TAG !u! tag:unity3d.com,2011:
--- !u!1 &5875174855307194634
GameObject:
  m_ObjectHideFlags: 0
  m_CorrespondingSourceObject: {fileID: 0}
  m_PrefabInstance: {fileID: 0}
  m_PrefabAsset: {fileID: 0}
  serializedVersion: 6
  m_Component:
  - component: {fileID: 257424491101595508}
  - component: {fileID: -5092321519450894034}
  - component: {fileID: 3516523396417916274}
  - component: {fileID: 5972093049538521785}
  m_Layer: 0
  m_Name: 3.3
  m_TagString: WillDestroy
  m_Icon: {fileID: 0}
  m_NavMeshLayer: 0
  m_StaticEditorFlags: 0
  m_IsActive: 1
--- !u!4 &257424491101595508
Transform:
  m_ObjectHideFlags: 0
  m_CorrespondingSourceObject: {fileID: 0}
  m_PrefabInstance: {fileID: 0}
  m_PrefabAsset: {fileID: 0}
  m_GameObject: {fileID: 5875174855307194634}
  m_LocalRotation: {x: 0, y: 0, z: 0, w: 1}
  m_LocalPosition: {x: -0.1, y: 5, z: 20}
  m_LocalScale: {x: 1, y: 1, z: 1}
  m_Children:
  - {fileID: 4627327960791106974}
  - {fileID: 7125563726580838638}
  - {fileID: 2288567378539012589}
  - {fileID: 8731894607852355820}
  - {fileID: 8588268752821748764}
  - {fileID: 7227983147292076139}
  - {fileID: 2095110808854329828}
  - {fileID: 1770052355113372002}
  - {fileID: 3957079818541137839}
  - {fileID: 4262448328896358637}
  m_Father: {fileID: 0}
  m_RootOrder: 0
  m_LocalEulerAnglesHint: {x: 0, y: 0, z: 0}
--- !u!65 &-5092321519450894034
BoxCollider:
  m_ObjectHideFlags: 0
  m_CorrespondingSourceObject: {fileID: 0}
  m_PrefabInstance: {fileID: 0}
  m_PrefabAsset: {fileID: 0}
  m_GameObject: {fileID: 5875174855307194634}
  m_Material: {fileID: 0}
  m_IsTrigger: 1
  m_Enabled: 1
  serializedVersion: 2
  m_Size: {x: 0.5, y: 10, z: 200}
  m_Center: {x: 0, y: 10, z: 40}
--- !u!54 &3516523396417916274
Rigidbody:
  m_ObjectHideFlags: 0
  m_CorrespondingSourceObject: {fileID: 0}
  m_PrefabInstance: {fileID: 0}
  m_PrefabAsset: {fileID: 0}
  m_GameObject: {fileID: 5875174855307194634}
  serializedVersion: 2
  m_Mass: 1
  m_Drag: 0
  m_AngularDrag: 0.05
  m_UseGravity: 0
  m_IsKinematic: 1
  m_Interpolate: 0
  m_Constraints: 0
  m_CollisionDetection: 0
--- !u!114 &5972093049538521785
MonoBehaviour:
  m_ObjectHideFlags: 0
  m_CorrespondingSourceObject: {fileID: 0}
  m_PrefabInstance: {fileID: 0}
  m_PrefabAsset: {fileID: 0}
  m_GameObject: {fileID: 5875174855307194634}
  m_Enabled: 1
  m_EditorHideFlags: 0
  m_Script: {fileID: 11500000, guid: 3a3840b7d0d6cfe429275e3041f1a1fa, type: 3}
  m_Name: 
  m_EditorClassIdentifier: 
  IsGameStarted: 0
  EventGameStatus:
    m_PersistentCalls:
      m_Calls: []
  IsStoreCollisions: 0
  IsStoreTriggers: 0
  IsListenTouchEvent: 0
  rb: {fileID: 0}
  EventCollision:
    m_PersistentCalls:
      m_Calls: []
  PrefabName: 
  IsInited: 0
--- !u!1001 &1413541884314799749
PrefabInstance:
  m_ObjectHideFlags: 0
  serializedVersion: 2
  m_Modification:
    m_TransformParent: {fileID: 257424491101595508}
    m_Modifications:
    - target: {fileID: 1033440492506627369, guid: 37534169406154e4ca42a100491e7722,
        type: 3}
      propertyPath: m_ConnectedAnchor.x
      value: 0.000000016763805
      objectReference: {fileID: 0}
    - target: {fileID: 1033440492506627369, guid: 37534169406154e4ca42a100491e7722,
        type: 3}
      propertyPath: m_ConnectedAnchor.y
      value: 0.083408244
      objectReference: {fileID: 0}
    - target: {fileID: 1033440492506627369, guid: 37534169406154e4ca42a100491e7722,
        type: 3}
      propertyPath: m_ConnectedAnchor.z
      value: -0.0000000074505815
      objectReference: {fileID: 0}
    - target: {fileID: 1033440492702229238, guid: 37534169406154e4ca42a100491e7722,
        type: 3}
      propertyPath: m_ConnectedAnchor.x
      value: 0.000000007508788
      objectReference: {fileID: 0}
    - target: {fileID: 1033440492702229238, guid: 37534169406154e4ca42a100491e7722,
        type: 3}
      propertyPath: m_ConnectedAnchor.y
      value: 0.04119119
      objectReference: {fileID: 0}
    - target: {fileID: 1033440492702229238, guid: 37534169406154e4ca42a100491e7722,
        type: 3}
      propertyPath: m_ConnectedAnchor.z
      value: 0.000000054016702
      objectReference: {fileID: 0}
    - target: {fileID: 1033440492958754807, guid: 37534169406154e4ca42a100491e7722,
        type: 3}
      propertyPath: m_ConnectedAnchor.x
      value: -0.00054262695
      objectReference: {fileID: 0}
    - target: {fileID: 1033440492958754807, guid: 37534169406154e4ca42a100491e7722,
        type: 3}
      propertyPath: m_ConnectedAnchor.y
      value: 0.13266896
      objectReference: {fileID: 0}
    - target: {fileID: 1033440492958754807, guid: 37534169406154e4ca42a100491e7722,
        type: 3}
      propertyPath: m_ConnectedAnchor.z
      value: -0.00031456538
      objectReference: {fileID: 0}
    - target: {fileID: 1033440493142499281, guid: 37534169406154e4ca42a100491e7722,
        type: 3}
      propertyPath: m_ConnectedAnchor.x
      value: 0.00000008008377
      objectReference: {fileID: 0}
    - target: {fileID: 1033440493142499281, guid: 37534169406154e4ca42a100491e7722,
        type: 3}
      propertyPath: m_ConnectedAnchor.y
      value: 0.0941589
      objectReference: {fileID: 0}
    - target: {fileID: 1033440493142499281, guid: 37534169406154e4ca42a100491e7722,
        type: 3}
      propertyPath: m_ConnectedAnchor.z
      value: 0.00000008754387
      objectReference: {fileID: 0}
    - target: {fileID: 1033440493180972497, guid: 37534169406154e4ca42a100491e7722,
        type: 3}
      propertyPath: m_ConnectedAnchor.x
      value: -0.05242221
      objectReference: {fileID: 0}
    - target: {fileID: 1033440493180972497, guid: 37534169406154e4ca42a100491e7722,
        type: 3}
      propertyPath: m_ConnectedAnchor.y
      value: 0.0681126
      objectReference: {fileID: 0}
    - target: {fileID: 1033440493180972497, guid: 37534169406154e4ca42a100491e7722,
        type: 3}
      propertyPath: m_ConnectedAnchor.z
      value: -0.010214716
      objectReference: {fileID: 0}
    - target: {fileID: 1033440493383173035, guid: 37534169406154e4ca42a100491e7722,
        type: 3}
      propertyPath: m_ConnectedAnchor.x
      value: 0.043379452
      objectReference: {fileID: 0}
    - target: {fileID: 1033440493383173035, guid: 37534169406154e4ca42a100491e7722,
        type: 3}
      propertyPath: m_ConnectedAnchor.y
      value: -0.019612273
      objectReference: {fileID: 0}
    - target: {fileID: 1033440493383173035, guid: 37534169406154e4ca42a100491e7722,
        type: 3}
      propertyPath: m_ConnectedAnchor.z
      value: -0.000547705
      objectReference: {fileID: 0}
    - target: {fileID: 1033440493459963331, guid: 37534169406154e4ca42a100491e7722,
        type: 3}
      propertyPath: m_ConnectedAnchor.x
      value: 0.051218897
      objectReference: {fileID: 0}
    - target: {fileID: 1033440493459963331, guid: 37534169406154e4ca42a100491e7722,
        type: 3}
      propertyPath: m_ConnectedAnchor.y
      value: 0.06729275
      objectReference: {fileID: 0}
    - target: {fileID: 1033440493459963331, guid: 37534169406154e4ca42a100491e7722,
        type: 3}
      propertyPath: m_ConnectedAnchor.z
      value: 0.012843233
      objectReference: {fileID: 0}
    - target: {fileID: 1033440493576328614, guid: 37534169406154e4ca42a100491e7722,
        type: 3}
      propertyPath: m_ConnectedAnchor.x
      value: 0.00000010122311
      objectReference: {fileID: 0}
    - target: {fileID: 1033440493576328614, guid: 37534169406154e4ca42a100491e7722,
        type: 3}
      propertyPath: m_ConnectedAnchor.y
      value: 0.08341805
      objectReference: {fileID: 0}
    - target: {fileID: 1033440493576328614, guid: 37534169406154e4ca42a100491e7722,
        type: 3}
      propertyPath: m_ConnectedAnchor.z
      value: 0.000000052154057
      objectReference: {fileID: 0}
    - target: {fileID: 1033440493637290138, guid: 37534169406154e4ca42a100491e7722,
        type: 3}
      propertyPath: m_ConnectedAnchor.x
      value: -0.043379463
      objectReference: {fileID: 0}
    - target: {fileID: 1033440493637290138, guid: 37534169406154e4ca42a100491e7722,
        type: 3}
      propertyPath: m_ConnectedAnchor.y
      value: -0.019612279
      objectReference: {fileID: 0}
    - target: {fileID: 1033440493637290138, guid: 37534169406154e4ca42a100491e7722,
        type: 3}
      propertyPath: m_ConnectedAnchor.z
      value: -0.00081906887
      objectReference: {fileID: 0}
    - target: {fileID: 1033440493709441144, guid: 37534169406154e4ca42a100491e7722,
        type: 3}
      propertyPath: m_ConnectedAnchor.x
      value: -0.000000048420045
      objectReference: {fileID: 0}
    - target: {fileID: 1033440493709441144, guid: 37534169406154e4ca42a100491e7722,
        type: 3}
      propertyPath: m_ConnectedAnchor.y
      value: 0.09415958
      objectReference: {fileID: 0}
    - target: {fileID: 1033440493709441144, guid: 37534169406154e4ca42a100491e7722,
        type: 3}
      propertyPath: m_ConnectedAnchor.z
      value: -0.00000012665976
      objectReference: {fileID: 0}
    - target: {fileID: 2934846060136982120, guid: 37534169406154e4ca42a100491e7722,
        type: 3}
      propertyPath: m_LocalPosition.x
      value: 1.5
      objectReference: {fileID: 0}
    - target: {fileID: 2934846060136982120, guid: 37534169406154e4ca42a100491e7722,
        type: 3}
      propertyPath: m_LocalPosition.y
      value: -2.5
      objectReference: {fileID: 0}
    - target: {fileID: 2934846060136982120, guid: 37534169406154e4ca42a100491e7722,
        type: 3}
      propertyPath: m_LocalPosition.z
      value: -3.3
      objectReference: {fileID: 0}
    - target: {fileID: 2934846060136982120, guid: 37534169406154e4ca42a100491e7722,
        type: 3}
      propertyPath: m_LocalRotation.x
      value: 0
      objectReference: {fileID: 0}
    - target: {fileID: 2934846060136982120, guid: 37534169406154e4ca42a100491e7722,
        type: 3}
      propertyPath: m_LocalRotation.y
      value: 1
      objectReference: {fileID: 0}
    - target: {fileID: 2934846060136982120, guid: 37534169406154e4ca42a100491e7722,
        type: 3}
      propertyPath: m_LocalRotation.z
      value: 0
      objectReference: {fileID: 0}
    - target: {fileID: 2934846060136982120, guid: 37534169406154e4ca42a100491e7722,
        type: 3}
      propertyPath: m_LocalRotation.w
      value: 0
      objectReference: {fileID: 0}
    - target: {fileID: 2934846060136982120, guid: 37534169406154e4ca42a100491e7722,
        type: 3}
      propertyPath: m_RootOrder
      value: 9
      objectReference: {fileID: 0}
    - target: {fileID: 2934846060136982120, guid: 37534169406154e4ca42a100491e7722,
        type: 3}
      propertyPath: m_LocalEulerAnglesHint.x
      value: 0
      objectReference: {fileID: 0}
    - target: {fileID: 2934846060136982120, guid: 37534169406154e4ca42a100491e7722,
        type: 3}
      propertyPath: m_LocalEulerAnglesHint.y
      value: 180
      objectReference: {fileID: 0}
    - target: {fileID: 2934846060136982120, guid: 37534169406154e4ca42a100491e7722,
        type: 3}
      propertyPath: m_LocalEulerAnglesHint.z
      value: 0
      objectReference: {fileID: 0}
    - target: {fileID: 3282563561134706224, guid: 37534169406154e4ca42a100491e7722,
        type: 3}
      propertyPath: m_Name
      value: Enemy (5)
      objectReference: {fileID: 0}
    - target: {fileID: 3282563561134706224, guid: 37534169406154e4ca42a100491e7722,
        type: 3}
      propertyPath: m_IsActive
      value: 1
      objectReference: {fileID: 0}
    - target: {fileID: 3491025952524276213, guid: 37534169406154e4ca42a100491e7722,
        type: 3}
      propertyPath: walkingSpeedTowardsPlayer
      value: 10
      objectReference: {fileID: 0}
    - target: {fileID: 7348930952128093302, guid: 37534169406154e4ca42a100491e7722,
        type: 3}
      propertyPath: m_Size.z
      value: 1
      objectReference: {fileID: 0}
    - target: {fileID: 7348930952128093302, guid: 37534169406154e4ca42a100491e7722,
        type: 3}
      propertyPath: m_Size.x
      value: 1.5
      objectReference: {fileID: 0}
    m_RemovedComponents: []
  m_SourcePrefab: {fileID: 100100000, guid: 37534169406154e4ca42a100491e7722, type: 3}
--- !u!4 &4262448328896358637 stripped
Transform:
  m_CorrespondingSourceObject: {fileID: 2934846060136982120, guid: 37534169406154e4ca42a100491e7722,
    type: 3}
  m_PrefabInstance: {fileID: 1413541884314799749}
  m_PrefabAsset: {fileID: 0}
--- !u!1001 &2184516093260437959
PrefabInstance:
  m_ObjectHideFlags: 0
  serializedVersion: 2
  m_Modification:
    m_TransformParent: {fileID: 257424491101595508}
    m_Modifications:
    - target: {fileID: 1033440492506627369, guid: 37534169406154e4ca42a100491e7722,
        type: 3}
      propertyPath: m_ConnectedAnchor.x
      value: 0.0000001695007
      objectReference: {fileID: 0}
    - target: {fileID: 1033440492506627369, guid: 37534169406154e4ca42a100491e7722,
        type: 3}
      propertyPath: m_ConnectedAnchor.y
      value: 0.083408274
      objectReference: {fileID: 0}
    - target: {fileID: 1033440492506627369, guid: 37534169406154e4ca42a100491e7722,
        type: 3}
      propertyPath: m_ConnectedAnchor.z
      value: 0.000000011175873
      objectReference: {fileID: 0}
    - target: {fileID: 1033440492702229238, guid: 37534169406154e4ca42a100491e7722,
        type: 3}
      propertyPath: m_ConnectedAnchor.x
      value: 0.000000011292286
      objectReference: {fileID: 0}
    - target: {fileID: 1033440492702229238, guid: 37534169406154e4ca42a100491e7722,
        type: 3}
      propertyPath: m_ConnectedAnchor.y
      value: 0.04119119
      objectReference: {fileID: 0}
    - target: {fileID: 1033440492702229238, guid: 37534169406154e4ca42a100491e7722,
        type: 3}
      propertyPath: m_ConnectedAnchor.z
      value: 0.00000014709074
      objectReference: {fileID: 0}
    - target: {fileID: 1033440492958754807, guid: 37534169406154e4ca42a100491e7722,
        type: 3}
      propertyPath: m_ConnectedAnchor.x
      value: -0.0005426002
      objectReference: {fileID: 0}
    - target: {fileID: 1033440492958754807, guid: 37534169406154e4ca42a100491e7722,
        type: 3}
      propertyPath: m_ConnectedAnchor.y
      value: 0.13266896
      objectReference: {fileID: 0}
    - target: {fileID: 1033440492958754807, guid: 37534169406154e4ca42a100491e7722,
        type: 3}
      propertyPath: m_ConnectedAnchor.z
      value: -0.00031447504
      objectReference: {fileID: 0}
    - target: {fileID: 1033440493142499281, guid: 37534169406154e4ca42a100491e7722,
        type: 3}
      propertyPath: m_ConnectedAnchor.x
      value: 0.00000014899307
      objectReference: {fileID: 0}
    - target: {fileID: 1033440493142499281, guid: 37534169406154e4ca42a100491e7722,
        type: 3}
      propertyPath: m_ConnectedAnchor.y
      value: 0.094158895
      objectReference: {fileID: 0}
    - target: {fileID: 1033440493142499281, guid: 37534169406154e4ca42a100491e7722,
        type: 3}
      propertyPath: m_ConnectedAnchor.z
      value: 0.00000014854518
      objectReference: {fileID: 0}
    - target: {fileID: 1033440493180972497, guid: 37534169406154e4ca42a100491e7722,
        type: 3}
      propertyPath: m_ConnectedAnchor.x
      value: -0.052422196
      objectReference: {fileID: 0}
    - target: {fileID: 1033440493180972497, guid: 37534169406154e4ca42a100491e7722,
        type: 3}
      propertyPath: m_ConnectedAnchor.y
      value: 0.068112604
      objectReference: {fileID: 0}
    - target: {fileID: 1033440493180972497, guid: 37534169406154e4ca42a100491e7722,
        type: 3}
      propertyPath: m_ConnectedAnchor.z
      value: -0.010214623
      objectReference: {fileID: 0}
    - target: {fileID: 1033440493383173035, guid: 37534169406154e4ca42a100491e7722,
        type: 3}
      propertyPath: m_ConnectedAnchor.x
      value: 0.043379538
      objectReference: {fileID: 0}
    - target: {fileID: 1033440493383173035, guid: 37534169406154e4ca42a100491e7722,
        type: 3}
      propertyPath: m_ConnectedAnchor.y
      value: -0.019612271
      objectReference: {fileID: 0}
    - target: {fileID: 1033440493383173035, guid: 37534169406154e4ca42a100491e7722,
        type: 3}
      propertyPath: m_ConnectedAnchor.z
      value: -0.00054783537
      objectReference: {fileID: 0}
    - target: {fileID: 1033440493459963331, guid: 37534169406154e4ca42a100491e7722,
        type: 3}
      propertyPath: m_ConnectedAnchor.x
      value: 0.051218923
      objectReference: {fileID: 0}
    - target: {fileID: 1033440493459963331, guid: 37534169406154e4ca42a100491e7722,
        type: 3}
      propertyPath: m_ConnectedAnchor.y
      value: 0.06729275
      objectReference: {fileID: 0}
    - target: {fileID: 1033440493459963331, guid: 37534169406154e4ca42a100491e7722,
        type: 3}
      propertyPath: m_ConnectedAnchor.z
      value: 0.012843326
      objectReference: {fileID: 0}
    - target: {fileID: 1033440493576328614, guid: 37534169406154e4ca42a100491e7722,
        type: 3}
      propertyPath: m_ConnectedAnchor.x
      value: 0.00000018633725
      objectReference: {fileID: 0}
    - target: {fileID: 1033440493576328614, guid: 37534169406154e4ca42a100491e7722,
        type: 3}
      propertyPath: m_ConnectedAnchor.y
      value: 0.08341802
      objectReference: {fileID: 0}
    - target: {fileID: 1033440493576328614, guid: 37534169406154e4ca42a100491e7722,
        type: 3}
      propertyPath: m_ConnectedAnchor.z
      value: 0.00000009685753
      objectReference: {fileID: 0}
    - target: {fileID: 1033440493637290138, guid: 37534169406154e4ca42a100491e7722,
        type: 3}
      propertyPath: m_ConnectedAnchor.x
      value: -0.04337924
      objectReference: {fileID: 0}
    - target: {fileID: 1033440493637290138, guid: 37534169406154e4ca42a100491e7722,
        type: 3}
      propertyPath: m_ConnectedAnchor.y
      value: -0.019612271
      objectReference: {fileID: 0}
    - target: {fileID: 1033440493637290138, guid: 37534169406154e4ca42a100491e7722,
        type: 3}
      propertyPath: m_ConnectedAnchor.z
      value: -0.00081940973
      objectReference: {fileID: 0}
    - target: {fileID: 1033440493709441144, guid: 37534169406154e4ca42a100491e7722,
        type: 3}
      propertyPath: m_ConnectedAnchor.x
      value: -0.000000006518083
      objectReference: {fileID: 0}
    - target: {fileID: 1033440493709441144, guid: 37534169406154e4ca42a100491e7722,
        type: 3}
      propertyPath: m_ConnectedAnchor.y
      value: 0.09415961
      objectReference: {fileID: 0}
    - target: {fileID: 1033440493709441144, guid: 37534169406154e4ca42a100491e7722,
        type: 3}
      propertyPath: m_ConnectedAnchor.z
      value: -0.000000044703445
      objectReference: {fileID: 0}
    - target: {fileID: 2934846060136982120, guid: 37534169406154e4ca42a100491e7722,
        type: 3}
      propertyPath: m_LocalPosition.x
      value: 0.3
      objectReference: {fileID: 0}
    - target: {fileID: 2934846060136982120, guid: 37534169406154e4ca42a100491e7722,
        type: 3}
      propertyPath: m_LocalPosition.y
      value: -2.5
      objectReference: {fileID: 0}
    - target: {fileID: 2934846060136982120, guid: 37534169406154e4ca42a100491e7722,
        type: 3}
      propertyPath: m_LocalPosition.z
      value: 19.16
      objectReference: {fileID: 0}
    - target: {fileID: 2934846060136982120, guid: 37534169406154e4ca42a100491e7722,
        type: 3}
      propertyPath: m_LocalRotation.x
      value: 0
      objectReference: {fileID: 0}
    - target: {fileID: 2934846060136982120, guid: 37534169406154e4ca42a100491e7722,
        type: 3}
      propertyPath: m_LocalRotation.y
      value: 1
      objectReference: {fileID: 0}
    - target: {fileID: 2934846060136982120, guid: 37534169406154e4ca42a100491e7722,
        type: 3}
      propertyPath: m_LocalRotation.z
      value: 0
      objectReference: {fileID: 0}
    - target: {fileID: 2934846060136982120, guid: 37534169406154e4ca42a100491e7722,
        type: 3}
      propertyPath: m_LocalRotation.w
      value: 0
      objectReference: {fileID: 0}
    - target: {fileID: 2934846060136982120, guid: 37534169406154e4ca42a100491e7722,
        type: 3}
      propertyPath: m_RootOrder
      value: 8
      objectReference: {fileID: 0}
    - target: {fileID: 2934846060136982120, guid: 37534169406154e4ca42a100491e7722,
        type: 3}
      propertyPath: m_LocalEulerAnglesHint.x
      value: 0
      objectReference: {fileID: 0}
    - target: {fileID: 2934846060136982120, guid: 37534169406154e4ca42a100491e7722,
        type: 3}
      propertyPath: m_LocalEulerAnglesHint.y
      value: 180
      objectReference: {fileID: 0}
    - target: {fileID: 2934846060136982120, guid: 37534169406154e4ca42a100491e7722,
        type: 3}
      propertyPath: m_LocalEulerAnglesHint.z
      value: 0
      objectReference: {fileID: 0}
    - target: {fileID: 3282563561134706224, guid: 37534169406154e4ca42a100491e7722,
        type: 3}
      propertyPath: m_Name
      value: Enemy (10)
      objectReference: {fileID: 0}
    - target: {fileID: 3282563561134706224, guid: 37534169406154e4ca42a100491e7722,
        type: 3}
      propertyPath: m_IsActive
      value: 1
      objectReference: {fileID: 0}
    - target: {fileID: 7348930952128093302, guid: 37534169406154e4ca42a100491e7722,
        type: 3}
      propertyPath: m_Size.z
      value: 1
      objectReference: {fileID: 0}
    - target: {fileID: 7348930952128093302, guid: 37534169406154e4ca42a100491e7722,
        type: 3}
      propertyPath: m_Size.x
      value: 1.5
      objectReference: {fileID: 0}
    m_RemovedComponents: []
  m_SourcePrefab: {fileID: 100100000, guid: 37534169406154e4ca42a100491e7722, type: 3}
--- !u!4 &3957079818541137839 stripped
Transform:
  m_CorrespondingSourceObject: {fileID: 2934846060136982120, guid: 37534169406154e4ca42a100491e7722,
    type: 3}
  m_PrefabInstance: {fileID: 2184516093260437959}
  m_PrefabAsset: {fileID: 0}
--- !u!1001 &3866901989111406476
PrefabInstance:
  m_ObjectHideFlags: 0
  serializedVersion: 2
  m_Modification:
    m_TransformParent: {fileID: 257424491101595508}
    m_Modifications:
    - target: {fileID: 1033440492506627369, guid: 37534169406154e4ca42a100491e7722,
        type: 3}
      propertyPath: m_ConnectedAnchor.x
      value: -0.0000000745058
      objectReference: {fileID: 0}
    - target: {fileID: 1033440492506627369, guid: 37534169406154e4ca42a100491e7722,
        type: 3}
      propertyPath: m_ConnectedAnchor.y
      value: 0.08340824
      objectReference: {fileID: 0}
    - target: {fileID: 1033440492506627369, guid: 37534169406154e4ca42a100491e7722,
        type: 3}
      propertyPath: m_ConnectedAnchor.z
      value: -0.000000033527616
      objectReference: {fileID: 0}
    - target: {fileID: 1033440492702229238, guid: 37534169406154e4ca42a100491e7722,
        type: 3}
      propertyPath: m_ConnectedAnchor.x
      value: -0.000000005355105
      objectReference: {fileID: 0}
    - target: {fileID: 1033440492702229238, guid: 37534169406154e4ca42a100491e7722,
        type: 3}
      propertyPath: m_ConnectedAnchor.y
      value: 0.041191194
      objectReference: {fileID: 0}
    - target: {fileID: 1033440492702229238, guid: 37534169406154e4ca42a100491e7722,
        type: 3}
      propertyPath: m_ConnectedAnchor.z
      value: -0.000000102794715
      objectReference: {fileID: 0}
    - target: {fileID: 1033440492958754807, guid: 37534169406154e4ca42a100491e7722,
        type: 3}
      propertyPath: m_ConnectedAnchor.x
      value: -0.00054260367
      objectReference: {fileID: 0}
    - target: {fileID: 1033440492958754807, guid: 37534169406154e4ca42a100491e7722,
        type: 3}
      propertyPath: m_ConnectedAnchor.y
      value: 0.13266896
      objectReference: {fileID: 0}
    - target: {fileID: 1033440492958754807, guid: 37534169406154e4ca42a100491e7722,
        type: 3}
      propertyPath: m_ConnectedAnchor.z
      value: -0.00031447317
      objectReference: {fileID: 0}
    - target: {fileID: 1033440493142499281, guid: 37534169406154e4ca42a100491e7722,
        type: 3}
      propertyPath: m_ConnectedAnchor.x
      value: -0.000000040041886
      objectReference: {fileID: 0}
    - target: {fileID: 1033440493142499281, guid: 37534169406154e4ca42a100491e7722,
        type: 3}
      propertyPath: m_ConnectedAnchor.y
      value: 0.094158925
      objectReference: {fileID: 0}
    - target: {fileID: 1033440493142499281, guid: 37534169406154e4ca42a100491e7722,
        type: 3}
      propertyPath: m_ConnectedAnchor.z
      value: -0.000000017229379
      objectReference: {fileID: 0}
    - target: {fileID: 1033440493180972497, guid: 37534169406154e4ca42a100491e7722,
        type: 3}
      propertyPath: m_ConnectedAnchor.x
      value: -0.05242219
      objectReference: {fileID: 0}
    - target: {fileID: 1033440493180972497, guid: 37534169406154e4ca42a100491e7722,
        type: 3}
      propertyPath: m_ConnectedAnchor.y
      value: 0.068112604
      objectReference: {fileID: 0}
    - target: {fileID: 1033440493180972497, guid: 37534169406154e4ca42a100491e7722,
        type: 3}
      propertyPath: m_ConnectedAnchor.z
      value: -0.010214625
      objectReference: {fileID: 0}
    - target: {fileID: 1033440493383173035, guid: 37534169406154e4ca42a100491e7722,
        type: 3}
      propertyPath: m_ConnectedAnchor.x
      value: 0.043379404
      objectReference: {fileID: 0}
    - target: {fileID: 1033440493383173035, guid: 37534169406154e4ca42a100491e7722,
        type: 3}
      propertyPath: m_ConnectedAnchor.y
      value: -0.019612275
      objectReference: {fileID: 0}
    - target: {fileID: 1033440493383173035, guid: 37534169406154e4ca42a100491e7722,
        type: 3}
      propertyPath: m_ConnectedAnchor.z
      value: -0.00054762466
      objectReference: {fileID: 0}
    - target: {fileID: 1033440493459963331, guid: 37534169406154e4ca42a100491e7722,
        type: 3}
      propertyPath: m_ConnectedAnchor.x
      value: 0.051218856
      objectReference: {fileID: 0}
    - target: {fileID: 1033440493459963331, guid: 37534169406154e4ca42a100491e7722,
        type: 3}
      propertyPath: m_ConnectedAnchor.y
      value: 0.06729274
      objectReference: {fileID: 0}
    - target: {fileID: 1033440493459963331, guid: 37534169406154e4ca42a100491e7722,
        type: 3}
      propertyPath: m_ConnectedAnchor.z
      value: 0.012843082
      objectReference: {fileID: 0}
    - target: {fileID: 1033440493576328614, guid: 37534169406154e4ca42a100491e7722,
        type: 3}
      propertyPath: m_ConnectedAnchor.x
      value: -0.00000003179593
      objectReference: {fileID: 0}
    - target: {fileID: 1033440493576328614, guid: 37534169406154e4ca42a100491e7722,
        type: 3}
      propertyPath: m_ConnectedAnchor.y
      value: 0.083418086
      objectReference: {fileID: 0}
    - target: {fileID: 1033440493576328614, guid: 37534169406154e4ca42a100491e7722,
        type: 3}
      propertyPath: m_ConnectedAnchor.z
      value: -0.000000011175869
      objectReference: {fileID: 0}
    - target: {fileID: 1033440493637290138, guid: 37534169406154e4ca42a100491e7722,
        type: 3}
      propertyPath: m_ConnectedAnchor.x
      value: -0.04337938
      objectReference: {fileID: 0}
    - target: {fileID: 1033440493637290138, guid: 37534169406154e4ca42a100491e7722,
        type: 3}
      propertyPath: m_ConnectedAnchor.y
      value: -0.019612275
      objectReference: {fileID: 0}
    - target: {fileID: 1033440493637290138, guid: 37534169406154e4ca42a100491e7722,
        type: 3}
      propertyPath: m_ConnectedAnchor.z
      value: -0.0008192025
      objectReference: {fileID: 0}
    - target: {fileID: 1033440493709441144, guid: 37534169406154e4ca42a100491e7722,
        type: 3}
      propertyPath: m_ConnectedAnchor.x
      value: -0.000000014898475
      objectReference: {fileID: 0}
    - target: {fileID: 1033440493709441144, guid: 37534169406154e4ca42a100491e7722,
        type: 3}
      propertyPath: m_ConnectedAnchor.y
      value: 0.09415961
      objectReference: {fileID: 0}
    - target: {fileID: 1033440493709441144, guid: 37534169406154e4ca42a100491e7722,
        type: 3}
      propertyPath: m_ConnectedAnchor.z
      value: -0.0000000428408
      objectReference: {fileID: 0}
    - target: {fileID: 2934846060136982120, guid: 37534169406154e4ca42a100491e7722,
        type: 3}
      propertyPath: m_LocalPosition.x
      value: 1.5
      objectReference: {fileID: 0}
    - target: {fileID: 2934846060136982120, guid: 37534169406154e4ca42a100491e7722,
        type: 3}
      propertyPath: m_LocalPosition.y
      value: -2.5
      objectReference: {fileID: 0}
    - target: {fileID: 2934846060136982120, guid: 37534169406154e4ca42a100491e7722,
        type: 3}
      propertyPath: m_LocalPosition.z
      value: -29.6
      objectReference: {fileID: 0}
    - target: {fileID: 2934846060136982120, guid: 37534169406154e4ca42a100491e7722,
        type: 3}
      propertyPath: m_LocalRotation.x
      value: 0
      objectReference: {fileID: 0}
    - target: {fileID: 2934846060136982120, guid: 37534169406154e4ca42a100491e7722,
        type: 3}
      propertyPath: m_LocalRotation.y
      value: 1
      objectReference: {fileID: 0}
    - target: {fileID: 2934846060136982120, guid: 37534169406154e4ca42a100491e7722,
        type: 3}
      propertyPath: m_LocalRotation.z
      value: 0
      objectReference: {fileID: 0}
    - target: {fileID: 2934846060136982120, guid: 37534169406154e4ca42a100491e7722,
        type: 3}
      propertyPath: m_LocalRotation.w
      value: 0
      objectReference: {fileID: 0}
    - target: {fileID: 2934846060136982120, guid: 37534169406154e4ca42a100491e7722,
        type: 3}
      propertyPath: m_RootOrder
      value: 6
      objectReference: {fileID: 0}
    - target: {fileID: 2934846060136982120, guid: 37534169406154e4ca42a100491e7722,
        type: 3}
      propertyPath: m_LocalEulerAnglesHint.x
      value: 0
      objectReference: {fileID: 0}
    - target: {fileID: 2934846060136982120, guid: 37534169406154e4ca42a100491e7722,
        type: 3}
      propertyPath: m_LocalEulerAnglesHint.y
      value: 180
      objectReference: {fileID: 0}
    - target: {fileID: 2934846060136982120, guid: 37534169406154e4ca42a100491e7722,
        type: 3}
      propertyPath: m_LocalEulerAnglesHint.z
      value: 0
      objectReference: {fileID: 0}
    - target: {fileID: 3282563561134706224, guid: 37534169406154e4ca42a100491e7722,
        type: 3}
      propertyPath: m_Name
      value: Enemy (6)
      objectReference: {fileID: 0}
    - target: {fileID: 3282563561134706224, guid: 37534169406154e4ca42a100491e7722,
        type: 3}
      propertyPath: m_IsActive
      value: 1
      objectReference: {fileID: 0}
    - target: {fileID: 7348930952128093302, guid: 37534169406154e4ca42a100491e7722,
        type: 3}
      propertyPath: m_Size.z
      value: 1
      objectReference: {fileID: 0}
    - target: {fileID: 7348930952128093302, guid: 37534169406154e4ca42a100491e7722,
        type: 3}
      propertyPath: m_Size.x
      value: 1.5
      objectReference: {fileID: 0}
    m_RemovedComponents: []
  m_SourcePrefab: {fileID: 100100000, guid: 37534169406154e4ca42a100491e7722, type: 3}
--- !u!4 &2095110808854329828 stripped
Transform:
  m_CorrespondingSourceObject: {fileID: 2934846060136982120, guid: 37534169406154e4ca42a100491e7722,
    type: 3}
  m_PrefabInstance: {fileID: 3866901989111406476}
  m_PrefabAsset: {fileID: 0}
--- !u!1001 &3997003042170210181
PrefabInstance:
  m_ObjectHideFlags: 0
  serializedVersion: 2
  m_Modification:
    m_TransformParent: {fileID: 257424491101595508}
    m_Modifications:
    - target: {fileID: 1033440492506627369, guid: 37534169406154e4ca42a100491e7722,
        type: 3}
      propertyPath: m_ConnectedAnchor.x
      value: -0.000000069849186
      objectReference: {fileID: 0}
    - target: {fileID: 1033440492506627369, guid: 37534169406154e4ca42a100491e7722,
        type: 3}
      propertyPath: m_ConnectedAnchor.y
      value: 0.08340823
      objectReference: {fileID: 0}
    - target: {fileID: 1033440492506627369, guid: 37534169406154e4ca42a100491e7722,
        type: 3}
      propertyPath: m_ConnectedAnchor.z
      value: -0.000000037252907
      objectReference: {fileID: 0}
    - target: {fileID: 1033440492702229238, guid: 37534169406154e4ca42a100491e7722,
        type: 3}
      propertyPath: m_ConnectedAnchor.x
      value: -0.00000002089655
      objectReference: {fileID: 0}
    - target: {fileID: 1033440492702229238, guid: 37534169406154e4ca42a100491e7722,
        type: 3}
      propertyPath: m_ConnectedAnchor.y
      value: 0.041191194
      objectReference: {fileID: 0}
    - target: {fileID: 1033440492702229238, guid: 37534169406154e4ca42a100491e7722,
        type: 3}
      propertyPath: m_ConnectedAnchor.z
      value: -0.000000101514146
      objectReference: {fileID: 0}
    - target: {fileID: 1033440492958754807, guid: 37534169406154e4ca42a100491e7722,
        type: 3}
      propertyPath: m_ConnectedAnchor.x
      value: -0.00054260367
      objectReference: {fileID: 0}
    - target: {fileID: 1033440492958754807, guid: 37534169406154e4ca42a100491e7722,
        type: 3}
      propertyPath: m_ConnectedAnchor.y
      value: 0.13266896
      objectReference: {fileID: 0}
    - target: {fileID: 1033440492958754807, guid: 37534169406154e4ca42a100491e7722,
        type: 3}
      propertyPath: m_ConnectedAnchor.z
      value: -0.00031447317
      objectReference: {fileID: 0}
    - target: {fileID: 1033440493142499281, guid: 37534169406154e4ca42a100491e7722,
        type: 3}
      propertyPath: m_ConnectedAnchor.x
      value: -0.0000000279362
      objectReference: {fileID: 0}
    - target: {fileID: 1033440493142499281, guid: 37534169406154e4ca42a100491e7722,
        type: 3}
      propertyPath: m_ConnectedAnchor.y
      value: 0.094158925
      objectReference: {fileID: 0}
    - target: {fileID: 1033440493142499281, guid: 37534169406154e4ca42a100491e7722,
        type: 3}
      propertyPath: m_ConnectedAnchor.z
      value: -0.000000031664804
      objectReference: {fileID: 0}
    - target: {fileID: 1033440493180972497, guid: 37534169406154e4ca42a100491e7722,
        type: 3}
      propertyPath: m_ConnectedAnchor.x
      value: -0.05242219
      objectReference: {fileID: 0}
    - target: {fileID: 1033440493180972497, guid: 37534169406154e4ca42a100491e7722,
        type: 3}
      propertyPath: m_ConnectedAnchor.y
      value: 0.068112604
      objectReference: {fileID: 0}
    - target: {fileID: 1033440493180972497, guid: 37534169406154e4ca42a100491e7722,
        type: 3}
      propertyPath: m_ConnectedAnchor.z
      value: -0.010214625
      objectReference: {fileID: 0}
    - target: {fileID: 1033440493383173035, guid: 37534169406154e4ca42a100491e7722,
        type: 3}
      propertyPath: m_ConnectedAnchor.x
      value: 0.04337941
      objectReference: {fileID: 0}
    - target: {fileID: 1033440493383173035, guid: 37534169406154e4ca42a100491e7722,
        type: 3}
      propertyPath: m_ConnectedAnchor.y
      value: -0.019612275
      objectReference: {fileID: 0}
    - target: {fileID: 1033440493383173035, guid: 37534169406154e4ca42a100491e7722,
        type: 3}
      propertyPath: m_ConnectedAnchor.z
      value: -0.0005476172
      objectReference: {fileID: 0}
    - target: {fileID: 1033440493459963331, guid: 37534169406154e4ca42a100491e7722,
        type: 3}
      propertyPath: m_ConnectedAnchor.x
      value: 0.051218856
      objectReference: {fileID: 0}
    - target: {fileID: 1033440493459963331, guid: 37534169406154e4ca42a100491e7722,
        type: 3}
      propertyPath: m_ConnectedAnchor.y
      value: 0.06729274
      objectReference: {fileID: 0}
    - target: {fileID: 1033440493459963331, guid: 37534169406154e4ca42a100491e7722,
        type: 3}
      propertyPath: m_ConnectedAnchor.z
      value: 0.012843082
      objectReference: {fileID: 0}
    - target: {fileID: 1033440493576328614, guid: 37534169406154e4ca42a100491e7722,
        type: 3}
      propertyPath: m_ConnectedAnchor.x
      value: -0.00000003179593
      objectReference: {fileID: 0}
    - target: {fileID: 1033440493576328614, guid: 37534169406154e4ca42a100491e7722,
        type: 3}
      propertyPath: m_ConnectedAnchor.y
      value: 0.083418086
      objectReference: {fileID: 0}
    - target: {fileID: 1033440493576328614, guid: 37534169406154e4ca42a100491e7722,
        type: 3}
      propertyPath: m_ConnectedAnchor.z
      value: -0.000000011175869
      objectReference: {fileID: 0}
    - target: {fileID: 1033440493637290138, guid: 37534169406154e4ca42a100491e7722,
        type: 3}
      propertyPath: m_ConnectedAnchor.x
      value: -0.043379396
      objectReference: {fileID: 0}
    - target: {fileID: 1033440493637290138, guid: 37534169406154e4ca42a100491e7722,
        type: 3}
      propertyPath: m_ConnectedAnchor.y
      value: -0.019612275
      objectReference: {fileID: 0}
    - target: {fileID: 1033440493637290138, guid: 37534169406154e4ca42a100491e7722,
        type: 3}
      propertyPath: m_ConnectedAnchor.z
      value: -0.0008192118
      objectReference: {fileID: 0}
    - target: {fileID: 1033440493709441144, guid: 37534169406154e4ca42a100491e7722,
        type: 3}
      propertyPath: m_ConnectedAnchor.x
      value: 0.0000000018623094
      objectReference: {fileID: 0}
    - target: {fileID: 1033440493709441144, guid: 37534169406154e4ca42a100491e7722,
        type: 3}
      propertyPath: m_ConnectedAnchor.y
      value: 0.09415961
      objectReference: {fileID: 0}
    - target: {fileID: 1033440493709441144, guid: 37534169406154e4ca42a100491e7722,
        type: 3}
      propertyPath: m_ConnectedAnchor.z
      value: -0.00000004842873
      objectReference: {fileID: 0}
    - target: {fileID: 2934846060136982120, guid: 37534169406154e4ca42a100491e7722,
        type: 3}
      propertyPath: m_LocalPosition.x
      value: -2.2
      objectReference: {fileID: 0}
    - target: {fileID: 2934846060136982120, guid: 37534169406154e4ca42a100491e7722,
        type: 3}
      propertyPath: m_LocalPosition.y
      value: -2.5
      objectReference: {fileID: 0}
    - target: {fileID: 2934846060136982120, guid: 37534169406154e4ca42a100491e7722,
        type: 3}
      propertyPath: m_LocalPosition.z
      value: -25.500002
      objectReference: {fileID: 0}
    - target: {fileID: 2934846060136982120, guid: 37534169406154e4ca42a100491e7722,
        type: 3}
      propertyPath: m_LocalRotation.x
      value: 0
      objectReference: {fileID: 0}
    - target: {fileID: 2934846060136982120, guid: 37534169406154e4ca42a100491e7722,
        type: 3}
      propertyPath: m_LocalRotation.y
      value: 1
      objectReference: {fileID: 0}
    - target: {fileID: 2934846060136982120, guid: 37534169406154e4ca42a100491e7722,
        type: 3}
      propertyPath: m_LocalRotation.z
      value: 0
      objectReference: {fileID: 0}
    - target: {fileID: 2934846060136982120, guid: 37534169406154e4ca42a100491e7722,
        type: 3}
      propertyPath: m_LocalRotation.w
      value: 0
      objectReference: {fileID: 0}
    - target: {fileID: 2934846060136982120, guid: 37534169406154e4ca42a100491e7722,
        type: 3}
      propertyPath: m_RootOrder
      value: 2
      objectReference: {fileID: 0}
    - target: {fileID: 2934846060136982120, guid: 37534169406154e4ca42a100491e7722,
        type: 3}
      propertyPath: m_LocalEulerAnglesHint.x
      value: 0
      objectReference: {fileID: 0}
    - target: {fileID: 2934846060136982120, guid: 37534169406154e4ca42a100491e7722,
        type: 3}
      propertyPath: m_LocalEulerAnglesHint.y
      value: 180
      objectReference: {fileID: 0}
    - target: {fileID: 2934846060136982120, guid: 37534169406154e4ca42a100491e7722,
        type: 3}
      propertyPath: m_LocalEulerAnglesHint.z
      value: 0
      objectReference: {fileID: 0}
    - target: {fileID: 3282563561134706224, guid: 37534169406154e4ca42a100491e7722,
        type: 3}
      propertyPath: m_Name
      value: Enemy (3)
      objectReference: {fileID: 0}
    - target: {fileID: 3282563561134706224, guid: 37534169406154e4ca42a100491e7722,
        type: 3}
      propertyPath: m_IsActive
      value: 1
      objectReference: {fileID: 0}
    - target: {fileID: 3491025952524276213, guid: 37534169406154e4ca42a100491e7722,
        type: 3}
      propertyPath: walkingSpeedTowardsPlayer
      value: 1
      objectReference: {fileID: 0}
    - target: {fileID: 7348930952128093302, guid: 37534169406154e4ca42a100491e7722,
        type: 3}
      propertyPath: m_Size.z
      value: 1
      objectReference: {fileID: 0}
    - target: {fileID: 7348930952128093302, guid: 37534169406154e4ca42a100491e7722,
        type: 3}
      propertyPath: m_Size.x
      value: 1.5
      objectReference: {fileID: 0}
    m_RemovedComponents: []
  m_SourcePrefab: {fileID: 100100000, guid: 37534169406154e4ca42a100491e7722, type: 3}
--- !u!4 &2288567378539012589 stripped
Transform:
  m_CorrespondingSourceObject: {fileID: 2934846060136982120, guid: 37534169406154e4ca42a100491e7722,
    type: 3}
  m_PrefabInstance: {fileID: 3997003042170210181}
  m_PrefabAsset: {fileID: 0}
--- !u!1001 &4011396088302183942
PrefabInstance:
  m_ObjectHideFlags: 0
  serializedVersion: 2
  m_Modification:
    m_TransformParent: {fileID: 257424491101595508}
    m_Modifications:
    - target: {fileID: 1287272898028398252, guid: b5e509801caf4f547abe61af0bfcee5c,
        type: 3}
      propertyPath: m_Name
      value: Wall
      objectReference: {fileID: 0}
    - target: {fileID: 5658417364024485610, guid: b5e509801caf4f547abe61af0bfcee5c,
        type: 3}
      propertyPath: m_LocalPosition.x
      value: -12.2
      objectReference: {fileID: 0}
    - target: {fileID: 5658417364024485610, guid: b5e509801caf4f547abe61af0bfcee5c,
        type: 3}
      propertyPath: m_LocalPosition.y
      value: -2.5
      objectReference: {fileID: 0}
    - target: {fileID: 5658417364024485610, guid: b5e509801caf4f547abe61af0bfcee5c,
        type: 3}
      propertyPath: m_LocalPosition.z
      value: 16
      objectReference: {fileID: 0}
    - target: {fileID: 5658417364024485610, guid: b5e509801caf4f547abe61af0bfcee5c,
        type: 3}
      propertyPath: m_LocalRotation.x
      value: -0
      objectReference: {fileID: 0}
    - target: {fileID: 5658417364024485610, guid: b5e509801caf4f547abe61af0bfcee5c,
        type: 3}
      propertyPath: m_LocalRotation.y
      value: -0
      objectReference: {fileID: 0}
    - target: {fileID: 5658417364024485610, guid: b5e509801caf4f547abe61af0bfcee5c,
        type: 3}
      propertyPath: m_LocalRotation.z
      value: -0
      objectReference: {fileID: 0}
    - target: {fileID: 5658417364024485610, guid: b5e509801caf4f547abe61af0bfcee5c,
        type: 3}
      propertyPath: m_LocalRotation.w
      value: 1
      objectReference: {fileID: 0}
    - target: {fileID: 5658417364024485610, guid: b5e509801caf4f547abe61af0bfcee5c,
        type: 3}
      propertyPath: m_RootOrder
      value: 3
      objectReference: {fileID: 0}
    - target: {fileID: 5658417364024485610, guid: b5e509801caf4f547abe61af0bfcee5c,
        type: 3}
      propertyPath: m_LocalEulerAnglesHint.x
      value: 0
      objectReference: {fileID: 0}
    - target: {fileID: 5658417364024485610, guid: b5e509801caf4f547abe61af0bfcee5c,
        type: 3}
      propertyPath: m_LocalEulerAnglesHint.y
      value: 0
      objectReference: {fileID: 0}
    - target: {fileID: 5658417364024485610, guid: b5e509801caf4f547abe61af0bfcee5c,
        type: 3}
      propertyPath: m_LocalEulerAnglesHint.z
      value: 0
      objectReference: {fileID: 0}
    m_RemovedComponents: []
  m_SourcePrefab: {fileID: 100100000, guid: b5e509801caf4f547abe61af0bfcee5c, type: 3}
--- !u!4 &8731894607852355820 stripped
Transform:
  m_CorrespondingSourceObject: {fileID: 5658417364024485610, guid: b5e509801caf4f547abe61af0bfcee5c,
    type: 3}
  m_PrefabInstance: {fileID: 4011396088302183942}
  m_PrefabAsset: {fileID: 0}
--- !u!1001 &4154874608837976822
PrefabInstance:
  m_ObjectHideFlags: 0
  serializedVersion: 2
  m_Modification:
    m_TransformParent: {fileID: 257424491101595508}
    m_Modifications:
    - target: {fileID: 1287272898028398252, guid: b5e509801caf4f547abe61af0bfcee5c,
        type: 3}
      propertyPath: m_Name
      value: Wall (1)
      objectReference: {fileID: 0}
    - target: {fileID: 5658417364024485610, guid: b5e509801caf4f547abe61af0bfcee5c,
        type: 3}
      propertyPath: m_LocalPosition.x
      value: -11.3
      objectReference: {fileID: 0}
    - target: {fileID: 5658417364024485610, guid: b5e509801caf4f547abe61af0bfcee5c,
        type: 3}
      propertyPath: m_LocalPosition.y
      value: -2.5
      objectReference: {fileID: 0}
    - target: {fileID: 5658417364024485610, guid: b5e509801caf4f547abe61af0bfcee5c,
        type: 3}
      propertyPath: m_LocalPosition.z
      value: -40.3
      objectReference: {fileID: 0}
    - target: {fileID: 5658417364024485610, guid: b5e509801caf4f547abe61af0bfcee5c,
        type: 3}
      propertyPath: m_LocalRotation.x
      value: -0
      objectReference: {fileID: 0}
    - target: {fileID: 5658417364024485610, guid: b5e509801caf4f547abe61af0bfcee5c,
        type: 3}
      propertyPath: m_LocalRotation.y
      value: -0
      objectReference: {fileID: 0}
    - target: {fileID: 5658417364024485610, guid: b5e509801caf4f547abe61af0bfcee5c,
        type: 3}
      propertyPath: m_LocalRotation.z
      value: -0
      objectReference: {fileID: 0}
    - target: {fileID: 5658417364024485610, guid: b5e509801caf4f547abe61af0bfcee5c,
        type: 3}
      propertyPath: m_LocalRotation.w
      value: 1
      objectReference: {fileID: 0}
    - target: {fileID: 5658417364024485610, guid: b5e509801caf4f547abe61af0bfcee5c,
        type: 3}
      propertyPath: m_RootOrder
      value: 4
      objectReference: {fileID: 0}
    - target: {fileID: 5658417364024485610, guid: b5e509801caf4f547abe61af0bfcee5c,
        type: 3}
      propertyPath: m_LocalEulerAnglesHint.x
      value: 0
      objectReference: {fileID: 0}
    - target: {fileID: 5658417364024485610, guid: b5e509801caf4f547abe61af0bfcee5c,
        type: 3}
      propertyPath: m_LocalEulerAnglesHint.y
      value: 0
      objectReference: {fileID: 0}
    - target: {fileID: 5658417364024485610, guid: b5e509801caf4f547abe61af0bfcee5c,
        type: 3}
      propertyPath: m_LocalEulerAnglesHint.z
      value: 0
      objectReference: {fileID: 0}
    m_RemovedComponents: []
  m_SourcePrefab: {fileID: 100100000, guid: b5e509801caf4f547abe61af0bfcee5c, type: 3}
--- !u!4 &8588268752821748764 stripped
Transform:
  m_CorrespondingSourceObject: {fileID: 5658417364024485610, guid: b5e509801caf4f547abe61af0bfcee5c,
    type: 3}
  m_PrefabInstance: {fileID: 4154874608837976822}
  m_PrefabAsset: {fileID: 0}
--- !u!1001 &4874333466821878506
PrefabInstance:
  m_ObjectHideFlags: 0
  serializedVersion: 2
  m_Modification:
    m_TransformParent: {fileID: 257424491101595508}
    m_Modifications:
    - target: {fileID: 257424491101595508, guid: 6533436c212b6814fb8d055717129b2c,
        type: 3}
      propertyPath: m_LocalPosition.x
      value: 0
      objectReference: {fileID: 0}
    - target: {fileID: 257424491101595508, guid: 6533436c212b6814fb8d055717129b2c,
        type: 3}
      propertyPath: m_LocalPosition.y
      value: 0
      objectReference: {fileID: 0}
    - target: {fileID: 257424491101595508, guid: 6533436c212b6814fb8d055717129b2c,
        type: 3}
      propertyPath: m_LocalPosition.z
      value: 0
      objectReference: {fileID: 0}
    - target: {fileID: 257424491101595508, guid: 6533436c212b6814fb8d055717129b2c,
        type: 3}
      propertyPath: m_LocalRotation.x
      value: 0
      objectReference: {fileID: 0}
    - target: {fileID: 257424491101595508, guid: 6533436c212b6814fb8d055717129b2c,
        type: 3}
      propertyPath: m_LocalRotation.y
      value: 0
      objectReference: {fileID: 0}
    - target: {fileID: 257424491101595508, guid: 6533436c212b6814fb8d055717129b2c,
        type: 3}
      propertyPath: m_LocalRotation.z
      value: 0
      objectReference: {fileID: 0}
    - target: {fileID: 257424491101595508, guid: 6533436c212b6814fb8d055717129b2c,
        type: 3}
      propertyPath: m_LocalRotation.w
      value: 1
      objectReference: {fileID: 0}
    - target: {fileID: 257424491101595508, guid: 6533436c212b6814fb8d055717129b2c,
        type: 3}
      propertyPath: m_RootOrder
      value: 0
      objectReference: {fileID: 0}
    - target: {fileID: 257424491101595508, guid: 6533436c212b6814fb8d055717129b2c,
        type: 3}
      propertyPath: m_LocalEulerAnglesHint.x
      value: 0
      objectReference: {fileID: 0}
    - target: {fileID: 257424491101595508, guid: 6533436c212b6814fb8d055717129b2c,
        type: 3}
      propertyPath: m_LocalEulerAnglesHint.y
      value: 0
      objectReference: {fileID: 0}
    - target: {fileID: 257424491101595508, guid: 6533436c212b6814fb8d055717129b2c,
        type: 3}
      propertyPath: m_LocalEulerAnglesHint.z
      value: 0
      objectReference: {fileID: 0}
    - target: {fileID: 5875174855307194634, guid: 6533436c212b6814fb8d055717129b2c,
        type: 3}
      propertyPath: m_Name
      value: PlatformBase
      objectReference: {fileID: 0}
    - target: {fileID: 5875174855307194634, guid: 6533436c212b6814fb8d055717129b2c,
        type: 3}
      propertyPath: m_IsActive
      value: 1
      objectReference: {fileID: 0}
    m_RemovedComponents: []
  m_SourcePrefab: {fileID: 100100000, guid: 6533436c212b6814fb8d055717129b2c, type: 3}
--- !u!4 &4627327960791106974 stripped
Transform:
  m_CorrespondingSourceObject: {fileID: 257424491101595508, guid: 6533436c212b6814fb8d055717129b2c,
    type: 3}
  m_PrefabInstance: {fileID: 4874333466821878506}
  m_PrefabAsset: {fileID: 0}
--- !u!1001 &5357520515171423878
PrefabInstance:
  m_ObjectHideFlags: 0
  serializedVersion: 2
  m_Modification:
    m_TransformParent: {fileID: 257424491101595508}
    m_Modifications:
    - target: {fileID: 1033440492506627369, guid: 37534169406154e4ca42a100491e7722,
        type: 3}
      propertyPath: m_ConnectedAnchor.x
      value: -0.0000000745058
      objectReference: {fileID: 0}
    - target: {fileID: 1033440492506627369, guid: 37534169406154e4ca42a100491e7722,
        type: 3}
      propertyPath: m_ConnectedAnchor.y
      value: 0.08340824
      objectReference: {fileID: 0}
    - target: {fileID: 1033440492506627369, guid: 37534169406154e4ca42a100491e7722,
        type: 3}
      propertyPath: m_ConnectedAnchor.z
      value: -0.000000033527616
      objectReference: {fileID: 0}
    - target: {fileID: 1033440492702229238, guid: 37534169406154e4ca42a100491e7722,
        type: 3}
      propertyPath: m_ConnectedAnchor.x
      value: -0.000000005355105
      objectReference: {fileID: 0}
    - target: {fileID: 1033440492702229238, guid: 37534169406154e4ca42a100491e7722,
        type: 3}
      propertyPath: m_ConnectedAnchor.y
      value: 0.041191194
      objectReference: {fileID: 0}
    - target: {fileID: 1033440492702229238, guid: 37534169406154e4ca42a100491e7722,
        type: 3}
      propertyPath: m_ConnectedAnchor.z
      value: -0.000000102794715
      objectReference: {fileID: 0}
    - target: {fileID: 1033440492958754807, guid: 37534169406154e4ca42a100491e7722,
        type: 3}
      propertyPath: m_ConnectedAnchor.x
      value: -0.00054260367
      objectReference: {fileID: 0}
    - target: {fileID: 1033440492958754807, guid: 37534169406154e4ca42a100491e7722,
        type: 3}
      propertyPath: m_ConnectedAnchor.y
      value: 0.13266896
      objectReference: {fileID: 0}
    - target: {fileID: 1033440492958754807, guid: 37534169406154e4ca42a100491e7722,
        type: 3}
      propertyPath: m_ConnectedAnchor.z
      value: -0.00031447317
      objectReference: {fileID: 0}
    - target: {fileID: 1033440493142499281, guid: 37534169406154e4ca42a100491e7722,
        type: 3}
      propertyPath: m_ConnectedAnchor.x
      value: -0.000000040041886
      objectReference: {fileID: 0}
    - target: {fileID: 1033440493142499281, guid: 37534169406154e4ca42a100491e7722,
        type: 3}
      propertyPath: m_ConnectedAnchor.y
      value: 0.094158925
      objectReference: {fileID: 0}
    - target: {fileID: 1033440493142499281, guid: 37534169406154e4ca42a100491e7722,
        type: 3}
      propertyPath: m_ConnectedAnchor.z
      value: -0.000000017229379
      objectReference: {fileID: 0}
    - target: {fileID: 1033440493180972497, guid: 37534169406154e4ca42a100491e7722,
        type: 3}
      propertyPath: m_ConnectedAnchor.x
      value: -0.05242219
      objectReference: {fileID: 0}
    - target: {fileID: 1033440493180972497, guid: 37534169406154e4ca42a100491e7722,
        type: 3}
      propertyPath: m_ConnectedAnchor.y
      value: 0.068112604
      objectReference: {fileID: 0}
    - target: {fileID: 1033440493180972497, guid: 37534169406154e4ca42a100491e7722,
        type: 3}
      propertyPath: m_ConnectedAnchor.z
      value: -0.010214625
      objectReference: {fileID: 0}
    - target: {fileID: 1033440493383173035, guid: 37534169406154e4ca42a100491e7722,
        type: 3}
      propertyPath: m_ConnectedAnchor.x
      value: 0.043379404
      objectReference: {fileID: 0}
    - target: {fileID: 1033440493383173035, guid: 37534169406154e4ca42a100491e7722,
        type: 3}
      propertyPath: m_ConnectedAnchor.y
      value: -0.019612275
      objectReference: {fileID: 0}
    - target: {fileID: 1033440493383173035, guid: 37534169406154e4ca42a100491e7722,
        type: 3}
      propertyPath: m_ConnectedAnchor.z
      value: -0.00054762466
      objectReference: {fileID: 0}
    - target: {fileID: 1033440493459963331, guid: 37534169406154e4ca42a100491e7722,
        type: 3}
      propertyPath: m_ConnectedAnchor.x
      value: 0.051218856
      objectReference: {fileID: 0}
    - target: {fileID: 1033440493459963331, guid: 37534169406154e4ca42a100491e7722,
        type: 3}
      propertyPath: m_ConnectedAnchor.y
      value: 0.06729274
      objectReference: {fileID: 0}
    - target: {fileID: 1033440493459963331, guid: 37534169406154e4ca42a100491e7722,
        type: 3}
      propertyPath: m_ConnectedAnchor.z
      value: 0.012843082
      objectReference: {fileID: 0}
    - target: {fileID: 1033440493576328614, guid: 37534169406154e4ca42a100491e7722,
        type: 3}
      propertyPath: m_ConnectedAnchor.x
      value: -0.00000003179593
      objectReference: {fileID: 0}
    - target: {fileID: 1033440493576328614, guid: 37534169406154e4ca42a100491e7722,
        type: 3}
      propertyPath: m_ConnectedAnchor.y
      value: 0.083418086
      objectReference: {fileID: 0}
    - target: {fileID: 1033440493576328614, guid: 37534169406154e4ca42a100491e7722,
        type: 3}
      propertyPath: m_ConnectedAnchor.z
      value: -0.000000011175869
      objectReference: {fileID: 0}
    - target: {fileID: 1033440493637290138, guid: 37534169406154e4ca42a100491e7722,
        type: 3}
      propertyPath: m_ConnectedAnchor.x
      value: -0.04337938
      objectReference: {fileID: 0}
    - target: {fileID: 1033440493637290138, guid: 37534169406154e4ca42a100491e7722,
        type: 3}
      propertyPath: m_ConnectedAnchor.y
      value: -0.019612275
      objectReference: {fileID: 0}
    - target: {fileID: 1033440493637290138, guid: 37534169406154e4ca42a100491e7722,
        type: 3}
      propertyPath: m_ConnectedAnchor.z
      value: -0.0008192025
      objectReference: {fileID: 0}
    - target: {fileID: 1033440493709441144, guid: 37534169406154e4ca42a100491e7722,
        type: 3}
      propertyPath: m_ConnectedAnchor.x
      value: -0.000000014898475
      objectReference: {fileID: 0}
    - target: {fileID: 1033440493709441144, guid: 37534169406154e4ca42a100491e7722,
        type: 3}
      propertyPath: m_ConnectedAnchor.y
      value: 0.09415961
      objectReference: {fileID: 0}
    - target: {fileID: 1033440493709441144, guid: 37534169406154e4ca42a100491e7722,
        type: 3}
      propertyPath: m_ConnectedAnchor.z
      value: -0.0000000428408
      objectReference: {fileID: 0}
    - target: {fileID: 2934846060136982120, guid: 37534169406154e4ca42a100491e7722,
        type: 3}
      propertyPath: m_LocalPosition.x
      value: 1.5
      objectReference: {fileID: 0}
    - target: {fileID: 2934846060136982120, guid: 37534169406154e4ca42a100491e7722,
        type: 3}
      propertyPath: m_LocalPosition.y
      value: -2.5
      objectReference: {fileID: 0}
    - target: {fileID: 2934846060136982120, guid: 37534169406154e4ca42a100491e7722,
        type: 3}
      propertyPath: m_LocalPosition.z
      value: -19.900003
      objectReference: {fileID: 0}
    - target: {fileID: 2934846060136982120, guid: 37534169406154e4ca42a100491e7722,
        type: 3}
      propertyPath: m_LocalRotation.x
      value: 0
      objectReference: {fileID: 0}
    - target: {fileID: 2934846060136982120, guid: 37534169406154e4ca42a100491e7722,
        type: 3}
      propertyPath: m_LocalRotation.y
      value: 1
      objectReference: {fileID: 0}
    - target: {fileID: 2934846060136982120, guid: 37534169406154e4ca42a100491e7722,
        type: 3}
      propertyPath: m_LocalRotation.z
      value: 0
      objectReference: {fileID: 0}
    - target: {fileID: 2934846060136982120, guid: 37534169406154e4ca42a100491e7722,
        type: 3}
      propertyPath: m_LocalRotation.w
      value: 0
      objectReference: {fileID: 0}
    - target: {fileID: 2934846060136982120, guid: 37534169406154e4ca42a100491e7722,
        type: 3}
      propertyPath: m_RootOrder
      value: 1
      objectReference: {fileID: 0}
    - target: {fileID: 2934846060136982120, guid: 37534169406154e4ca42a100491e7722,
        type: 3}
      propertyPath: m_LocalEulerAnglesHint.x
      value: 0
      objectReference: {fileID: 0}
    - target: {fileID: 2934846060136982120, guid: 37534169406154e4ca42a100491e7722,
        type: 3}
      propertyPath: m_LocalEulerAnglesHint.y
      value: 180
      objectReference: {fileID: 0}
    - target: {fileID: 2934846060136982120, guid: 37534169406154e4ca42a100491e7722,
        type: 3}
      propertyPath: m_LocalEulerAnglesHint.z
      value: 0
      objectReference: {fileID: 0}
    - target: {fileID: 3282563561134706224, guid: 37534169406154e4ca42a100491e7722,
        type: 3}
      propertyPath: m_Name
      value: Enemy (2)
      objectReference: {fileID: 0}
    - target: {fileID: 3282563561134706224, guid: 37534169406154e4ca42a100491e7722,
        type: 3}
      propertyPath: m_IsActive
      value: 1
      objectReference: {fileID: 0}
    - target: {fileID: 3491025952524276213, guid: 37534169406154e4ca42a100491e7722,
        type: 3}
      propertyPath: walkingSpeedTowardsPlayer
      value: 10
      objectReference: {fileID: 0}
    - target: {fileID: 3491025952524276213, guid: 37534169406154e4ca42a100491e7722,
        type: 3}
      propertyPath: runToPlayer_Speed
      value: 10
      objectReference: {fileID: 0}
    - target: {fileID: 7348930952128093302, guid: 37534169406154e4ca42a100491e7722,
        type: 3}
      propertyPath: m_Size.z
      value: 1
      objectReference: {fileID: 0}
    - target: {fileID: 7348930952128093302, guid: 37534169406154e4ca42a100491e7722,
        type: 3}
      propertyPath: m_Size.x
      value: 1.5
      objectReference: {fileID: 0}
    m_RemovedComponents: []
  m_SourcePrefab: {fileID: 100100000, guid: 37534169406154e4ca42a100491e7722, type: 3}
--- !u!4 &7125563726580838638 stripped
Transform:
  m_CorrespondingSourceObject: {fileID: 2934846060136982120, guid: 37534169406154e4ca42a100491e7722,
    type: 3}
  m_PrefabInstance: {fileID: 5357520515171423878}
  m_PrefabAsset: {fileID: 0}
--- !u!1001 &5545161021086354947
PrefabInstance:
  m_ObjectHideFlags: 0
  serializedVersion: 2
  m_Modification:
    m_TransformParent: {fileID: 257424491101595508}
    m_Modifications:
    - target: {fileID: 1033440492506627369, guid: 37534169406154e4ca42a100491e7722,
        type: 3}
      propertyPath: m_ConnectedAnchor.x
      value: 0.00000016763805
      objectReference: {fileID: 0}
    - target: {fileID: 1033440492506627369, guid: 37534169406154e4ca42a100491e7722,
        type: 3}
      propertyPath: m_ConnectedAnchor.y
      value: 0.08340827
      objectReference: {fileID: 0}
    - target: {fileID: 1033440492506627369, guid: 37534169406154e4ca42a100491e7722,
        type: 3}
      propertyPath: m_ConnectedAnchor.z
      value: 0.000000033527616
      objectReference: {fileID: 0}
    - target: {fileID: 1033440492702229238, guid: 37534169406154e4ca42a100491e7722,
        type: 3}
      propertyPath: m_ConnectedAnchor.x
      value: 0.000000030675437
      objectReference: {fileID: 0}
    - target: {fileID: 1033440492702229238, guid: 37534169406154e4ca42a100491e7722,
        type: 3}
      propertyPath: m_ConnectedAnchor.y
      value: 0.04119119
      objectReference: {fileID: 0}
    - target: {fileID: 1033440492702229238, guid: 37534169406154e4ca42a100491e7722,
        type: 3}
      propertyPath: m_ConnectedAnchor.z
      value: 0.00000014551914
      objectReference: {fileID: 0}
    - target: {fileID: 1033440492958754807, guid: 37534169406154e4ca42a100491e7722,
        type: 3}
      propertyPath: m_ConnectedAnchor.x
      value: -0.00054260367
      objectReference: {fileID: 0}
    - target: {fileID: 1033440492958754807, guid: 37534169406154e4ca42a100491e7722,
        type: 3}
      propertyPath: m_ConnectedAnchor.y
      value: 0.13266896
      objectReference: {fileID: 0}
    - target: {fileID: 1033440492958754807, guid: 37534169406154e4ca42a100491e7722,
        type: 3}
      propertyPath: m_ConnectedAnchor.z
      value: -0.00031447317
      objectReference: {fileID: 0}
    - target: {fileID: 1033440493142499281, guid: 37534169406154e4ca42a100491e7722,
        type: 3}
      propertyPath: m_ConnectedAnchor.x
      value: 0.0000001406122
      objectReference: {fileID: 0}
    - target: {fileID: 1033440493142499281, guid: 37534169406154e4ca42a100491e7722,
        type: 3}
      propertyPath: m_ConnectedAnchor.y
      value: 0.0941589
      objectReference: {fileID: 0}
    - target: {fileID: 1033440493142499281, guid: 37534169406154e4ca42a100491e7722,
        type: 3}
      propertyPath: m_ConnectedAnchor.z
      value: 0.00000015878967
      objectReference: {fileID: 0}
    - target: {fileID: 1033440493180972497, guid: 37534169406154e4ca42a100491e7722,
        type: 3}
      propertyPath: m_ConnectedAnchor.x
      value: -0.052422203
      objectReference: {fileID: 0}
    - target: {fileID: 1033440493180972497, guid: 37534169406154e4ca42a100491e7722,
        type: 3}
      propertyPath: m_ConnectedAnchor.y
      value: 0.068112604
      objectReference: {fileID: 0}
    - target: {fileID: 1033440493180972497, guid: 37534169406154e4ca42a100491e7722,
        type: 3}
      propertyPath: m_ConnectedAnchor.z
      value: -0.010214621
      objectReference: {fileID: 0}
    - target: {fileID: 1033440493383173035, guid: 37534169406154e4ca42a100491e7722,
        type: 3}
      propertyPath: m_ConnectedAnchor.x
      value: 0.043379523
      objectReference: {fileID: 0}
    - target: {fileID: 1033440493383173035, guid: 37534169406154e4ca42a100491e7722,
        type: 3}
      propertyPath: m_ConnectedAnchor.y
      value: -0.019612271
      objectReference: {fileID: 0}
    - target: {fileID: 1033440493383173035, guid: 37534169406154e4ca42a100491e7722,
        type: 3}
      propertyPath: m_ConnectedAnchor.z
      value: -0.00054784655
      objectReference: {fileID: 0}
    - target: {fileID: 1033440493459963331, guid: 37534169406154e4ca42a100491e7722,
        type: 3}
      propertyPath: m_ConnectedAnchor.x
      value: 0.051218893
      objectReference: {fileID: 0}
    - target: {fileID: 1033440493459963331, guid: 37534169406154e4ca42a100491e7722,
        type: 3}
      propertyPath: m_ConnectedAnchor.y
      value: 0.06729275
      objectReference: {fileID: 0}
    - target: {fileID: 1033440493459963331, guid: 37534169406154e4ca42a100491e7722,
        type: 3}
      propertyPath: m_ConnectedAnchor.z
      value: 0.012843333
      objectReference: {fileID: 0}
    - target: {fileID: 1033440493576328614, guid: 37534169406154e4ca42a100491e7722,
        type: 3}
      propertyPath: m_ConnectedAnchor.x
      value: 0.00000018633725
      objectReference: {fileID: 0}
    - target: {fileID: 1033440493576328614, guid: 37534169406154e4ca42a100491e7722,
        type: 3}
      propertyPath: m_ConnectedAnchor.y
      value: 0.08341802
      objectReference: {fileID: 0}
    - target: {fileID: 1033440493576328614, guid: 37534169406154e4ca42a100491e7722,
        type: 3}
      propertyPath: m_ConnectedAnchor.z
      value: 0.00000009685753
      objectReference: {fileID: 0}
    - target: {fileID: 1033440493637290138, guid: 37534169406154e4ca42a100491e7722,
        type: 3}
      propertyPath: m_ConnectedAnchor.x
      value: -0.04337922
      objectReference: {fileID: 0}
    - target: {fileID: 1033440493637290138, guid: 37534169406154e4ca42a100491e7722,
        type: 3}
      propertyPath: m_ConnectedAnchor.y
      value: -0.019612271
      objectReference: {fileID: 0}
    - target: {fileID: 1033440493637290138, guid: 37534169406154e4ca42a100491e7722,
        type: 3}
      propertyPath: m_ConnectedAnchor.z
      value: -0.0008193967
      objectReference: {fileID: 0}
    - target: {fileID: 1033440493709441144, guid: 37534169406154e4ca42a100491e7722,
        type: 3}
      propertyPath: m_ConnectedAnchor.x
      value: 0.000000014898475
      objectReference: {fileID: 0}
    - target: {fileID: 1033440493709441144, guid: 37534169406154e4ca42a100491e7722,
        type: 3}
      propertyPath: m_ConnectedAnchor.y
      value: 0.09415962
      objectReference: {fileID: 0}
    - target: {fileID: 1033440493709441144, guid: 37534169406154e4ca42a100491e7722,
        type: 3}
      propertyPath: m_ConnectedAnchor.z
      value: -0.000000050291373
      objectReference: {fileID: 0}
    - target: {fileID: 2934846060136982120, guid: 37534169406154e4ca42a100491e7722,
        type: 3}
      propertyPath: m_LocalPosition.x
      value: 6.3
      objectReference: {fileID: 0}
    - target: {fileID: 2934846060136982120, guid: 37534169406154e4ca42a100491e7722,
        type: 3}
      propertyPath: m_LocalPosition.y
      value: -2.5
      objectReference: {fileID: 0}
    - target: {fileID: 2934846060136982120, guid: 37534169406154e4ca42a100491e7722,
        type: 3}
      propertyPath: m_LocalPosition.z
      value: 22.8
      objectReference: {fileID: 0}
    - target: {fileID: 2934846060136982120, guid: 37534169406154e4ca42a100491e7722,
        type: 3}
      propertyPath: m_LocalRotation.x
      value: 0
      objectReference: {fileID: 0}
    - target: {fileID: 2934846060136982120, guid: 37534169406154e4ca42a100491e7722,
        type: 3}
      propertyPath: m_LocalRotation.y
      value: 1
      objectReference: {fileID: 0}
    - target: {fileID: 2934846060136982120, guid: 37534169406154e4ca42a100491e7722,
        type: 3}
      propertyPath: m_LocalRotation.z
      value: 0
      objectReference: {fileID: 0}
    - target: {fileID: 2934846060136982120, guid: 37534169406154e4ca42a100491e7722,
        type: 3}
      propertyPath: m_LocalRotation.w
      value: 0
      objectReference: {fileID: 0}
    - target: {fileID: 2934846060136982120, guid: 37534169406154e4ca42a100491e7722,
        type: 3}
      propertyPath: m_RootOrder
      value: 5
      objectReference: {fileID: 0}
    - target: {fileID: 2934846060136982120, guid: 37534169406154e4ca42a100491e7722,
        type: 3}
      propertyPath: m_LocalEulerAnglesHint.x
      value: 0
      objectReference: {fileID: 0}
    - target: {fileID: 2934846060136982120, guid: 37534169406154e4ca42a100491e7722,
        type: 3}
      propertyPath: m_LocalEulerAnglesHint.y
      value: 180
      objectReference: {fileID: 0}
    - target: {fileID: 2934846060136982120, guid: 37534169406154e4ca42a100491e7722,
        type: 3}
      propertyPath: m_LocalEulerAnglesHint.z
      value: 0
      objectReference: {fileID: 0}
    - target: {fileID: 3282563561134706224, guid: 37534169406154e4ca42a100491e7722,
        type: 3}
      propertyPath: m_Name
      value: Enemy (4)
      objectReference: {fileID: 0}
    - target: {fileID: 3282563561134706224, guid: 37534169406154e4ca42a100491e7722,
        type: 3}
      propertyPath: m_IsActive
      value: 1
      objectReference: {fileID: 0}
    - target: {fileID: 7348930952128093302, guid: 37534169406154e4ca42a100491e7722,
        type: 3}
      propertyPath: m_Size.z
      value: 1
      objectReference: {fileID: 0}
    - target: {fileID: 7348930952128093302, guid: 37534169406154e4ca42a100491e7722,
        type: 3}
      propertyPath: m_Size.x
      value: 1.5
      objectReference: {fileID: 0}
    m_RemovedComponents: []
  m_SourcePrefab: {fileID: 100100000, guid: 37534169406154e4ca42a100491e7722, type: 3}
--- !u!4 &7227983147292076139 stripped
Transform:
  m_CorrespondingSourceObject: {fileID: 2934846060136982120, guid: 37534169406154e4ca42a100491e7722,
    type: 3}
  m_PrefabInstance: {fileID: 5545161021086354947}
  m_PrefabAsset: {fileID: 0}
--- !u!1001 &6203358437371588488
PrefabInstance:
  m_ObjectHideFlags: 0
  serializedVersion: 2
  m_Modification:
    m_TransformParent: {fileID: 257424491101595508}
    m_Modifications:
    - target: {fileID: 1287272898028398252, guid: b5e509801caf4f547abe61af0bfcee5c,
        type: 3}
      propertyPath: m_Name
      value: Wall (2)
      objectReference: {fileID: 0}
    - target: {fileID: 5658417364024485610, guid: b5e509801caf4f547abe61af0bfcee5c,
        type: 3}
      propertyPath: m_LocalPosition.x
      value: 11.6
      objectReference: {fileID: 0}
    - target: {fileID: 5658417364024485610, guid: b5e509801caf4f547abe61af0bfcee5c,
        type: 3}
      propertyPath: m_LocalPosition.y
      value: -2.5
      objectReference: {fileID: 0}
    - target: {fileID: 5658417364024485610, guid: b5e509801caf4f547abe61af0bfcee5c,
        type: 3}
      propertyPath: m_LocalPosition.z
      value: 16
      objectReference: {fileID: 0}
    - target: {fileID: 5658417364024485610, guid: b5e509801caf4f547abe61af0bfcee5c,
        type: 3}
      propertyPath: m_LocalRotation.x
      value: -0
      objectReference: {fileID: 0}
    - target: {fileID: 5658417364024485610, guid: b5e509801caf4f547abe61af0bfcee5c,
        type: 3}
      propertyPath: m_LocalRotation.y
      value: -0
      objectReference: {fileID: 0}
    - target: {fileID: 5658417364024485610, guid: b5e509801caf4f547abe61af0bfcee5c,
        type: 3}
      propertyPath: m_LocalRotation.z
      value: -0
      objectReference: {fileID: 0}
    - target: {fileID: 5658417364024485610, guid: b5e509801caf4f547abe61af0bfcee5c,
        type: 3}
      propertyPath: m_LocalRotation.w
      value: 1
      objectReference: {fileID: 0}
    - target: {fileID: 5658417364024485610, guid: b5e509801caf4f547abe61af0bfcee5c,
        type: 3}
      propertyPath: m_RootOrder
      value: 7
      objectReference: {fileID: 0}
    - target: {fileID: 5658417364024485610, guid: b5e509801caf4f547abe61af0bfcee5c,
        type: 3}
      propertyPath: m_LocalEulerAnglesHint.x
      value: 0
      objectReference: {fileID: 0}
    - target: {fileID: 5658417364024485610, guid: b5e509801caf4f547abe61af0bfcee5c,
        type: 3}
      propertyPath: m_LocalEulerAnglesHint.y
      value: 0
      objectReference: {fileID: 0}
    - target: {fileID: 5658417364024485610, guid: b5e509801caf4f547abe61af0bfcee5c,
        type: 3}
      propertyPath: m_LocalEulerAnglesHint.z
      value: 0
      objectReference: {fileID: 0}
    m_RemovedComponents: []
  m_SourcePrefab: {fileID: 100100000, guid: b5e509801caf4f547abe61af0bfcee5c, type: 3}
--- !u!4 &1770052355113372002 stripped
Transform:
  m_CorrespondingSourceObject: {fileID: 5658417364024485610, guid: b5e509801caf4f547abe61af0bfcee5c,
    type: 3}
  m_PrefabInstance: {fileID: 6203358437371588488}
  m_PrefabAsset: {fileID: 0}
