%YAML 1.1
%TAG !u! tag:unity3d.com,2011:
--- !u!1 &1493181614
GameObject:
  m_ObjectHideFlags: 0
  m_CorrespondingSourceObject: {fileID: 0}
  m_PrefabInstance: {fileID: 0}
  m_PrefabAsset: {fileID: 0}
  serializedVersion: 6
  m_Component:
  - component: {fileID: 1493181615}
  m_Layer: 0
  m_Name: Particles
  m_TagString: Untagged
  m_Icon: {fileID: 0}
  m_NavMeshLayer: 0
  m_StaticEditorFlags: 0
  m_IsActive: 1
--- !u!4 &1493181615
Transform:
  m_ObjectHideFlags: 0
  m_CorrespondingSourceObject: {fileID: 0}
  m_PrefabInstance: {fileID: 0}
  m_PrefabAsset: {fileID: 0}
  m_GameObject: {fileID: 1493181614}
  m_LocalRotation: {x: -0, y: -0, z: -0, w: 1}
  m_LocalPosition: {x: 0, y: -0.505, z: 1.75}
  m_LocalScale: {x: 1, y: 1, z: 1}
  m_Children: []
  m_Father: {fileID: 2157597057347140774}
  m_RootOrder: 1
  m_LocalEulerAnglesHint: {x: 0, y: 0, z: 0}
--- !u!1 &2157597057347140775
GameObject:
  m_ObjectHideFlags: 0
  m_CorrespondingSourceObject: {fileID: 0}
  m_PrefabInstance: {fileID: 0}
  m_PrefabAsset: {fileID: 0}
  serializedVersion: 6
  m_Component:
  - component: {fileID: 2157597057347140774}
  - component: {fileID: 2157597057347140793}
  - component: {fileID: 2157597057347140794}
  - component: {fileID: 1696533072}
  m_Layer: 0
  m_Name: Player
  m_TagString: Player
  m_Icon: {fileID: 0}
  m_NavMeshLayer: 0
  m_StaticEditorFlags: 0
  m_IsActive: 1
--- !u!4 &2157597057347140774
Transform:
  m_ObjectHideFlags: 0
  m_CorrespondingSourceObject: {fileID: 0}
  m_PrefabInstance: {fileID: 0}
  m_PrefabAsset: {fileID: 0}
  m_GameObject: {fileID: 2157597057347140775}
  m_LocalRotation: {x: 0, y: 0, z: 0, w: 1}
  m_LocalPosition: {x: 0, y: 0.505, z: 0}
  m_LocalScale: {x: 1, y: 1, z: 1}
  m_Children:
  - {fileID: 6380448217763504326}
  - {fileID: 1493181615}
  m_Father: {fileID: 0}
  m_RootOrder: 0
  m_LocalEulerAnglesHint: {x: 0, y: 0, z: 0}
--- !u!114 &2157597057347140793
MonoBehaviour:
  m_ObjectHideFlags: 0
  m_CorrespondingSourceObject: {fileID: 0}
  m_PrefabInstance: {fileID: 0}
  m_PrefabAsset: {fileID: 0}
  m_GameObject: {fileID: 2157597057347140775}
  m_Enabled: 1
  m_EditorHideFlags: 0
  m_Script: {fileID: 11500000, guid: 740bf17815422ff4eaf7d86d17be7297, type: 3}
  m_Name: 
  m_EditorClassIdentifier: 
  IsGameStarted: 0
  EventGameStatus:
    m_PersistentCalls:
      m_Calls: []
  Cam: {fileID: 0}
  playerSpeed: 10
  maxSpeed: 50
  leftRightMoveDistanceMultiplier: 4
  leftRightMoveTime: 0.1
  followingBombDelayTime: 0.01
  moveSensitive: 0.08
--- !u!114 &2157597057347140794
MonoBehaviour:
  m_ObjectHideFlags: 0
  m_CorrespondingSourceObject: {fileID: 0}
  m_PrefabInstance: {fileID: 0}
  m_PrefabAsset: {fileID: 0}
  m_GameObject: {fileID: 2157597057347140775}
  m_Enabled: 1
  m_EditorHideFlags: 0
  m_Script: {fileID: 11500000, guid: 923a344fd09e9fd4cb6157e798efb1f2, type: 3}
  m_Name: 
  m_EditorClassIdentifier: 
  IsGameStarted: 0
  EventGameStatus:
    m_PersistentCalls:
      m_Calls: []
  IsStoreCollisions: 0
  IsStoreTriggers: 0
  IsListenTouchEvent: 0
  rb: {fileID: 0}
  EventCollision:
    m_PersistentCalls:
      m_Calls: []
  PrefabName: 
  IsInited: 0
  BombList: []
  playerJumpHeight: 7
  playerJumpTime: 1
  bombJumpHeight: 5.8
  bombJumpTime: 0.9
  JumpProgress: 0
  bombsRoot: {fileID: 0}
  bombCombo: 0
  test2:
    serializedVersion: 2
    m_Curve:
    - serializedVersion: 3
      time: 0
      value: 0
      inSlope: -3.0987852
      outSlope: -3.0987852
      tangentMode: 34
      weightedMode: 0
      inWeight: 0
      outWeight: 0.33333334
    - serializedVersion: 3
      time: 0.49014282
      value: -1.5188473
      inSlope: 0.46718585
      outSlope: 0.46718585
      tangentMode: 0
      weightedMode: 0
      inWeight: 0.33333334
      outWeight: 0.21691798
    - serializedVersion: 3
      time: 1
      value: 1
      inSlope: 4.9403
      outSlope: 4.9403
      tangentMode: 34
      weightedMode: 0
      inWeight: 0.33333334
      outWeight: 0
    m_PreInfinity: 2
    m_PostInfinity: 2
    m_RotationOrder: 4
  testCurve:
    serializedVersion: 2
    m_Curve:
    - serializedVersion: 3
      time: 0
      value: 0
      inSlope: 0
      outSlope: 0
      tangentMode: 0
      weightedMode: 0
      inWeight: 0
      outWeight: 0
    - serializedVersion: 3
      time: 0.246334
      value: -2.1920147
      inSlope: 1.0578269
      outSlope: 1.0578269
      tangentMode: 0
      weightedMode: 0
      inWeight: 0.33333334
      outWeight: 0.1334045
    - serializedVersion: 3
      time: 0.5015564
      value: 0.9923744
      inSlope: 2
      outSlope: 2
      tangentMode: 0
      weightedMode: 0
      inWeight: 0
      outWeight: 0
    m_PreInfinity: 2
    m_PostInfinity: 2
    m_RotationOrder: 4
--- !u!114 &1696533072
MonoBehaviour:
  m_ObjectHideFlags: 0
  m_CorrespondingSourceObject: {fileID: 0}
  m_PrefabInstance: {fileID: 0}
  m_PrefabAsset: {fileID: 0}
  m_GameObject: {fileID: 2157597057347140775}
  m_Enabled: 1
  m_EditorHideFlags: 0
  m_Script: {fileID: 11500000, guid: 15d36cdcb7b04a548a130191f7654d12, type: 3}
  m_Name: 
  m_EditorClassIdentifier: 
  IsGameStarted: 0
  EventGameStatus:
    m_PersistentCalls:
      m_Calls: []
  IsStoreCollisions: 0
  IsStoreTriggers: 0
  IsListenTouchEvent: 0
  rb: {fileID: 0}
  EventCollision:
    m_PersistentCalls:
      m_Calls: []
  PrefabName: 
  IsInited: 0
  anim: {fileID: 3891642348941462972}
--- !u!1 &2157597058571495902
GameObject:
  m_ObjectHideFlags: 0
  m_CorrespondingSourceObject: {fileID: 0}
  m_PrefabInstance: {fileID: 0}
  m_PrefabAsset: {fileID: 0}
  serializedVersion: 6
  m_Component:
  - component: {fileID: 2157597058571495889}
  - component: {fileID: 2157597058571495890}
  - component: {fileID: 2157597058571495891}
  m_Layer: 0
  m_Name: Cube
  m_TagString: Untagged
  m_Icon: {fileID: 0}
  m_NavMeshLayer: 0
  m_StaticEditorFlags: 0
  m_IsActive: 0
--- !u!4 &2157597058571495889
Transform:
  m_ObjectHideFlags: 0
  m_CorrespondingSourceObject: {fileID: 0}
  m_PrefabInstance: {fileID: 0}
  m_PrefabAsset: {fileID: 0}
  m_GameObject: {fileID: 2157597058571495902}
  m_LocalRotation: {x: -0, y: -0, z: -0, w: 1}
  m_LocalPosition: {x: 0, y: 0.066666685, z: 0}
  m_LocalScale: {x: 0.26666668, y: 0.13333334, z: 0.33333334}
  m_Children: []
  m_Father: {fileID: 6380448217763504326}
  m_RootOrder: 2
  m_LocalEulerAnglesHint: {x: 0, y: 0, z: 0}
--- !u!33 &2157597058571495890
MeshFilter:
  m_ObjectHideFlags: 0
  m_CorrespondingSourceObject: {fileID: 0}
  m_PrefabInstance: {fileID: 0}
  m_PrefabAsset: {fileID: 0}
  m_GameObject: {fileID: 2157597058571495902}
  m_Mesh: {fileID: 10202, guid: 0000000000000000e000000000000000, type: 0}
--- !u!23 &2157597058571495891
MeshRenderer:
  m_ObjectHideFlags: 0
  m_CorrespondingSourceObject: {fileID: 0}
  m_PrefabInstance: {fileID: 0}
  m_PrefabAsset: {fileID: 0}
  m_GameObject: {fileID: 2157597058571495902}
  m_Enabled: 1
  m_CastShadows: 1
  m_ReceiveShadows: 1
  m_DynamicOccludee: 1
  m_MotionVectors: 1
  m_LightProbeUsage: 1
  m_ReflectionProbeUsage: 1
  m_RayTracingMode: 2
  m_RenderingLayerMask: 1
  m_RendererPriority: 0
  m_Materials:
  - {fileID: 2100000, guid: ee8bba9634afd5b4fa573b8b7a0d8e69, type: 2}
  m_StaticBatchInfo:
    firstSubMesh: 0
    subMeshCount: 0
  m_StaticBatchRoot: {fileID: 0}
  m_ProbeAnchor: {fileID: 0}
  m_LightProbeVolumeOverride: {fileID: 0}
  m_ScaleInLightmap: 1
  m_ReceiveGI: 1
  m_PreserveUVs: 0
  m_IgnoreNormalsForChartDetection: 0
  m_ImportantGI: 0
  m_StitchLightmapSeams: 1
  m_SelectedEditorRenderState: 3
  m_MinimumChartSize: 4
  m_AutoUVMaxDistance: 0.5
  m_AutoUVMaxAngle: 89
  m_LightmapParameters: {fileID: 0}
  m_SortingLayerID: 0
  m_SortingLayer: 0
  m_SortingOrder: 0
--- !u!54 &785800172
Rigidbody:
  m_ObjectHideFlags: 0
  m_CorrespondingSourceObject: {fileID: 0}
  m_PrefabInstance: {fileID: 0}
  m_PrefabAsset: {fileID: 0}
  m_GameObject: {fileID: 7985091053919638229}
  serializedVersion: 2
  m_Mass: 1
  m_Drag: 0
  m_AngularDrag: 0.05
  m_UseGravity: 0
  m_IsKinematic: 1
  m_Interpolate: 0
  m_Constraints: 0
  m_CollisionDetection: 0
--- !u!65 &785800171
BoxCollider:
  m_ObjectHideFlags: 0
  m_CorrespondingSourceObject: {fileID: 0}
  m_PrefabInstance: {fileID: 0}
  m_PrefabAsset: {fileID: 0}
  m_GameObject: {fileID: 7985091053919638229}
  m_Material: {fileID: 0}
  m_IsTrigger: 1
  m_Enabled: 1
  serializedVersion: 2
  m_Size: {x: 0.66, y: 0.66, z: 0.66}
  m_Center: {x: 0, y: 0.33, z: 0}
--- !u!114 &3000553562655128807
MonoBehaviour:
  m_ObjectHideFlags: 0
  m_CorrespondingSourceObject: {fileID: 0}
  m_PrefabInstance: {fileID: 0}
  m_PrefabAsset: {fileID: 0}
  m_GameObject: {fileID: 7985091053919638229}
  m_Enabled: 1
  m_EditorHideFlags: 0
  m_Script: {fileID: 11500000, guid: 5ed45f0d87f1b1845974d4edfc6da419, type: 3}
  m_Name: 
  m_EditorClassIdentifier: 
  IsGameStarted: 0
  EventGameStatus:
    m_PersistentCalls:
      m_Calls: []
  IsStoreCollisions: 0
  IsStoreTriggers: 0
  IsListenTouchEvent: 0
  rb: {fileID: 0}
  EventCollision:
    m_PersistentCalls:
      m_Calls: []
  PrefabName: 
  IsInited: 0
--- !u!1001 &2157597057684362920
PrefabInstance:
  m_ObjectHideFlags: 0
  serializedVersion: 2
  m_Modification:
    m_TransformParent: {fileID: 6380448217763504326}
    m_Modifications:
    - target: {fileID: 9072914768746292315, guid: 540be28faefbbe34b805d448966231cd,
        type: 3}
      propertyPath: m_Name
      value: FX_FlameThrower_01
      objectReference: {fileID: 0}
    - target: {fileID: 9072914768746292315, guid: 540be28faefbbe34b805d448966231cd,
        type: 3}
      propertyPath: m_IsActive
      value: 0
      objectReference: {fileID: 0}
    - target: {fileID: 9078194180934474367, guid: 540be28faefbbe34b805d448966231cd,
        type: 3}
      propertyPath: m_LocalPosition.x
      value: 0
      objectReference: {fileID: 0}
    - target: {fileID: 9078194180934474367, guid: 540be28faefbbe34b805d448966231cd,
        type: 3}
      propertyPath: m_LocalPosition.y
      value: 0
      objectReference: {fileID: 0}
    - target: {fileID: 9078194180934474367, guid: 540be28faefbbe34b805d448966231cd,
        type: 3}
      propertyPath: m_LocalPosition.z
      value: 0
      objectReference: {fileID: 0}
    - target: {fileID: 9078194180934474367, guid: 540be28faefbbe34b805d448966231cd,
        type: 3}
      propertyPath: m_LocalRotation.x
      value: 0.7071068
      objectReference: {fileID: 0}
    - target: {fileID: 9078194180934474367, guid: 540be28faefbbe34b805d448966231cd,
        type: 3}
      propertyPath: m_LocalRotation.y
      value: -0
      objectReference: {fileID: 0}
    - target: {fileID: 9078194180934474367, guid: 540be28faefbbe34b805d448966231cd,
        type: 3}
      propertyPath: m_LocalRotation.z
      value: -0
      objectReference: {fileID: 0}
    - target: {fileID: 9078194180934474367, guid: 540be28faefbbe34b805d448966231cd,
        type: 3}
      propertyPath: m_LocalRotation.w
      value: 0.7071068
      objectReference: {fileID: 0}
    - target: {fileID: 9078194180934474367, guid: 540be28faefbbe34b805d448966231cd,
        type: 3}
      propertyPath: m_RootOrder
      value: 3
      objectReference: {fileID: 0}
    - target: {fileID: 9078194180934474367, guid: 540be28faefbbe34b805d448966231cd,
        type: 3}
      propertyPath: m_LocalEulerAnglesHint.x
      value: 90
      objectReference: {fileID: 0}
    - target: {fileID: 9078194180934474367, guid: 540be28faefbbe34b805d448966231cd,
        type: 3}
      propertyPath: m_LocalEulerAnglesHint.y
      value: 0
      objectReference: {fileID: 0}
    - target: {fileID: 9078194180934474367, guid: 540be28faefbbe34b805d448966231cd,
        type: 3}
      propertyPath: m_LocalEulerAnglesHint.z
      value: 0
      objectReference: {fileID: 0}
    - target: {fileID: 9078194180934474367, guid: 540be28faefbbe34b805d448966231cd,
        type: 3}
      propertyPath: m_LocalScale.x
      value: 0.6666667
      objectReference: {fileID: 0}
    - target: {fileID: 9078194180934474367, guid: 540be28faefbbe34b805d448966231cd,
        type: 3}
      propertyPath: m_LocalScale.y
      value: 0.6666667
      objectReference: {fileID: 0}
    - target: {fileID: 9078194180934474367, guid: 540be28faefbbe34b805d448966231cd,
        type: 3}
      propertyPath: m_LocalScale.z
      value: 0.6666667
      objectReference: {fileID: 0}
    - target: {fileID: 9163843689018103373, guid: 540be28faefbbe34b805d448966231cd,
        type: 3}
      propertyPath: playOnAwake
      value: 1
      objectReference: {fileID: 0}
    - target: {fileID: 9174518900801473861, guid: 540be28faefbbe34b805d448966231cd,
        type: 3}
      propertyPath: InitialModule.startSpeed.minScalar
      value: 0
      objectReference: {fileID: 0}
    - target: {fileID: 9174518900801473861, guid: 540be28faefbbe34b805d448966231cd,
        type: 3}
      propertyPath: InitialModule.startSpeed.scalar
      value: 0
      objectReference: {fileID: 0}
    - target: {fileID: 9174518900801473861, guid: 540be28faefbbe34b805d448966231cd,
        type: 3}
      propertyPath: InitialModule.gravityModifier.scalar
      value: 0
      objectReference: {fileID: 0}
    - target: {fileID: 9174518900801473861, guid: 540be28faefbbe34b805d448966231cd,
        type: 3}
      propertyPath: VelocityModule.speedModifier.scalar
      value: 0
      objectReference: {fileID: 0}
    - target: {fileID: 9174518900801473861, guid: 540be28faefbbe34b805d448966231cd,
        type: 3}
      propertyPath: InitialModule.startLifetime.minScalar
      value: 100
      objectReference: {fileID: 0}
    - target: {fileID: 9174518900801473861, guid: 540be28faefbbe34b805d448966231cd,
        type: 3}
      propertyPath: InitialModule.startLifetime.scalar
      value: 100
      objectReference: {fileID: 0}
    - target: {fileID: 9174518900801473861, guid: 540be28faefbbe34b805d448966231cd,
        type: 3}
      propertyPath: InitialModule.maxNumParticles
      value: 3000
      objectReference: {fileID: 0}
    - target: {fileID: 9174518900801473861, guid: 540be28faefbbe34b805d448966231cd,
        type: 3}
      propertyPath: playOnAwake
      value: 1
      objectReference: {fileID: 0}
    m_RemovedComponents: []
  m_SourcePrefab: {fileID: 100100000, guid: 540be28faefbbe34b805d448966231cd, type: 3}
--- !u!1001 &2157597058327432156
PrefabInstance:
  m_ObjectHideFlags: 0
  serializedVersion: 2
  m_Modification:
    m_TransformParent: {fileID: 2157597057347140774}
    m_Modifications:
    - target: {fileID: -6984002361558842191, guid: 580a49ed711c4e74f93962b7a23c1ed4,
        type: 3}
      propertyPath: m_LocalRotation.x
      value: -0.59815073
      objectReference: {fileID: 0}
    - target: {fileID: -6984002361558842191, guid: 580a49ed711c4e74f93962b7a23c1ed4,
        type: 3}
      propertyPath: m_LocalRotation.y
      value: 0.032141913
      objectReference: {fileID: 0}
    - target: {fileID: -6984002361558842191, guid: 580a49ed711c4e74f93962b7a23c1ed4,
        type: 3}
      propertyPath: m_LocalRotation.z
      value: -0.042966355
      objectReference: {fileID: 0}
    - target: {fileID: -6984002361558842191, guid: 580a49ed711c4e74f93962b7a23c1ed4,
        type: 3}
      propertyPath: m_LocalRotation.w
      value: 0.7995853
      objectReference: {fileID: 0}
    - target: {fileID: -6057140222963153312, guid: 580a49ed711c4e74f93962b7a23c1ed4,
        type: 3}
      propertyPath: m_ApplyRootMotion
      value: 0
      objectReference: {fileID: 0}
    - target: {fileID: -6057140222963153312, guid: 580a49ed711c4e74f93962b7a23c1ed4,
        type: 3}
      propertyPath: m_Controller
      value: 
      objectReference: {fileID: 9100000, guid: 413b02a68fb595d498b8065631656516, type: 2}
    - target: {fileID: -6057140222963153312, guid: 580a49ed711c4e74f93962b7a23c1ed4,
        type: 3}
      propertyPath: m_CullingMode
      value: 0
      objectReference: {fileID: 0}
    - target: {fileID: -4216859302048453862, guid: 580a49ed711c4e74f93962b7a23c1ed4,
        type: 3}
      propertyPath: m_LocalPosition.x
      value: 0
      objectReference: {fileID: 0}
    - target: {fileID: -4216859302048453862, guid: 580a49ed711c4e74f93962b7a23c1ed4,
        type: 3}
      propertyPath: m_LocalPosition.y
      value: 0.505
      objectReference: {fileID: 0}
    - target: {fileID: -4216859302048453862, guid: 580a49ed711c4e74f93962b7a23c1ed4,
        type: 3}
      propertyPath: m_LocalPosition.z
      value: 0
      objectReference: {fileID: 0}
    - target: {fileID: -4216859302048453862, guid: 580a49ed711c4e74f93962b7a23c1ed4,
        type: 3}
      propertyPath: m_LocalRotation.x
      value: -0
      objectReference: {fileID: 0}
    - target: {fileID: -4216859302048453862, guid: 580a49ed711c4e74f93962b7a23c1ed4,
        type: 3}
      propertyPath: m_LocalRotation.y
      value: -0
      objectReference: {fileID: 0}
    - target: {fileID: -4216859302048453862, guid: 580a49ed711c4e74f93962b7a23c1ed4,
        type: 3}
      propertyPath: m_LocalRotation.z
      value: -0
      objectReference: {fileID: 0}
    - target: {fileID: -4216859302048453862, guid: 580a49ed711c4e74f93962b7a23c1ed4,
        type: 3}
      propertyPath: m_LocalRotation.w
      value: 1
      objectReference: {fileID: 0}
    - target: {fileID: -4216859302048453862, guid: 580a49ed711c4e74f93962b7a23c1ed4,
        type: 3}
      propertyPath: m_RootOrder
      value: 0
      objectReference: {fileID: 0}
    - target: {fileID: -4216859302048453862, guid: 580a49ed711c4e74f93962b7a23c1ed4,
        type: 3}
      propertyPath: m_LocalEulerAnglesHint.x
      value: 0
      objectReference: {fileID: 0}
    - target: {fileID: -4216859302048453862, guid: 580a49ed711c4e74f93962b7a23c1ed4,
        type: 3}
      propertyPath: m_LocalEulerAnglesHint.y
      value: 0
      objectReference: {fileID: 0}
    - target: {fileID: -4216859302048453862, guid: 580a49ed711c4e74f93962b7a23c1ed4,
        type: 3}
      propertyPath: m_LocalEulerAnglesHint.z
      value: 0
      objectReference: {fileID: 0}
    - target: {fileID: -4216859302048453862, guid: 580a49ed711c4e74f93962b7a23c1ed4,
        type: 3}
      propertyPath: m_LocalScale.x
      value: 1.5
      objectReference: {fileID: 0}
    - target: {fileID: -4216859302048453862, guid: 580a49ed711c4e74f93962b7a23c1ed4,
        type: 3}
      propertyPath: m_LocalScale.y
      value: 1.5
      objectReference: {fileID: 0}
    - target: {fileID: -4216859302048453862, guid: 580a49ed711c4e74f93962b7a23c1ed4,
        type: 3}
      propertyPath: m_LocalScale.z
      value: 1.5
      objectReference: {fileID: 0}
    - target: {fileID: -927199367670048503, guid: 580a49ed711c4e74f93962b7a23c1ed4,
        type: 3}
      propertyPath: m_Name
      value: Chibison
      objectReference: {fileID: 0}
    - target: {fileID: -927199367670048503, guid: 580a49ed711c4e74f93962b7a23c1ed4,
        type: 3}
      propertyPath: m_TagString
      value: playerTemp
      objectReference: {fileID: 0}
    m_RemovedComponents: []
  m_SourcePrefab: {fileID: 100100000, guid: 580a49ed711c4e74f93962b7a23c1ed4, type: 3}
--- !u!1 &7985091053919638229 stripped
GameObject:
  m_CorrespondingSourceObject: {fileID: -927199367670048503, guid: 580a49ed711c4e74f93962b7a23c1ed4,
    type: 3}
  m_PrefabInstance: {fileID: 2157597058327432156}
  m_PrefabAsset: {fileID: 0}
--- !u!4 &6380448217763504326 stripped
Transform:
  m_CorrespondingSourceObject: {fileID: -4216859302048453862, guid: 580a49ed711c4e74f93962b7a23c1ed4,
    type: 3}
  m_PrefabInstance: {fileID: 2157597058327432156}
  m_PrefabAsset: {fileID: 0}
--- !u!95 &3891642348941462972 stripped
Animator:
  m_CorrespondingSourceObject: {fileID: -6057140222963153312, guid: 580a49ed711c4e74f93962b7a23c1ed4,
    type: 3}
  m_PrefabInstance: {fileID: 2157597058327432156}
  m_PrefabAsset: {fileID: 0}
