%YAML 1.1
%TAG !u! tag:unity3d.com,2011:
--- !u!1 &217051865444948360
GameObject:
  m_ObjectHideFlags: 0
  m_CorrespondingSourceObject: {fileID: 0}
  m_PrefabInstance: {fileID: 0}
  m_PrefabAsset: {fileID: 0}
  serializedVersion: 6
  m_Component:
  - component: {fileID: 1386895712054446340}
  - component: {fileID: 5395395393418684811}
  - component: {fileID: 6726254135120824953}
  m_Layer: 5
  m_Name: TxtScore
  m_TagString: Untagged
  m_Icon: {fileID: 0}
  m_NavMeshLayer: 0
  m_StaticEditorFlags: 0
  m_IsActive: 1
--- !u!224 &1386895712054446340
RectTransform:
  m_ObjectHideFlags: 0
  m_CorrespondingSourceObject: {fileID: 0}
  m_PrefabInstance: {fileID: 0}
  m_PrefabAsset: {fileID: 0}
  m_GameObject: {fileID: 217051865444948360}
  m_LocalRotation: {x: 0, y: 0, z: 0, w: 1}
  m_LocalPosition: {x: 0, y: 0, z: 0}
  m_LocalScale: {x: 1, y: 1, z: 1}
  m_Children:
  - {fileID: 2142928563029453524}
  m_Father: {fileID: 6356228167845550029}
  m_RootOrder: 6
  m_LocalEulerAnglesHint: {x: 0, y: 0, z: 0}
  m_AnchorMin: {x: 0.5, y: 1}
  m_AnchorMax: {x: 0.5, y: 1}
  m_AnchoredPosition: {x: 610, y: 0}
  m_SizeDelta: {x: 500, y: 300}
  m_Pivot: {x: 0.5, y: 1}
--- !u!222 &5395395393418684811
CanvasRenderer:
  m_ObjectHideFlags: 0
  m_CorrespondingSourceObject: {fileID: 0}
  m_PrefabInstance: {fileID: 0}
  m_PrefabAsset: {fileID: 0}
  m_GameObject: {fileID: 217051865444948360}
  m_CullTransparentMesh: 0
--- !u!114 &6726254135120824953
MonoBehaviour:
  m_ObjectHideFlags: 0
  m_CorrespondingSourceObject: {fileID: 0}
  m_PrefabInstance: {fileID: 0}
  m_PrefabAsset: {fileID: 0}
  m_GameObject: {fileID: 217051865444948360}
  m_Enabled: 1
  m_EditorHideFlags: 0
  m_Script: {fileID: 11500000, guid: f4688fdb7df04437aeb418b961361dc5, type: 3}
  m_Name: 
  m_EditorClassIdentifier: 
  m_Material: {fileID: 0}
  m_Color: {r: 1, g: 1, b: 1, a: 1}
  m_RaycastTarget: 1
  m_Maskable: 1
  m_OnCullStateChanged:
    m_PersistentCalls:
      m_Calls: []
  m_text: '100

'
  m_isRightToLeft: 0
  m_fontAsset: {fileID: 11400000, guid: 2ab08e6712ab96d4fb679f1453143b36, type: 2}
  m_sharedMaterial: {fileID: -3811721053624936465, guid: 2ab08e6712ab96d4fb679f1453143b36,
    type: 2}
  m_fontSharedMaterials: []
  m_fontMaterial: {fileID: 0}
  m_fontMaterials: []
  m_fontColor32:
    serializedVersion: 2
    rgba: 4294967295
  m_fontColor: {r: 1, g: 1, b: 1, a: 1}
  m_enableVertexGradient: 0
  m_colorMode: 3
  m_fontColorGradient:
    topLeft: {r: 1, g: 1, b: 1, a: 1}
    topRight: {r: 1, g: 1, b: 1, a: 1}
    bottomLeft: {r: 1, g: 1, b: 1, a: 1}
    bottomRight: {r: 1, g: 1, b: 1, a: 1}
  m_fontColorGradientPreset: {fileID: 0}
  m_spriteAsset: {fileID: 0}
  m_tintAllSprites: 0
  m_overrideHtmlColors: 0
  m_faceColor:
    serializedVersion: 2
    rgba: 4294967295
  m_outlineColor:
    serializedVersion: 2
    rgba: 4278190080
  m_fontSize: 160
  m_fontSizeBase: 160
  m_fontWeight: 400
  m_enableAutoSizing: 0
  m_fontSizeMin: 18
  m_fontSizeMax: 72
  m_fontStyle: 0
  m_textAlignment: 513
  m_characterSpacing: 0
  m_wordSpacing: 0
  m_lineSpacing: 0
  m_lineSpacingMax: 0
  m_paragraphSpacing: 0
  m_charWidthMaxAdj: 0
  m_enableWordWrapping: 1
  m_wordWrappingRatios: 0.4
  m_overflowMode: 0
  m_firstOverflowCharacterIndex: -1
  m_linkedTextComponent: {fileID: 0}
  m_isLinkedTextComponent: 0
  m_isTextTruncated: 0
  m_enableKerning: 1
  m_enableExtraPadding: 0
  checkPaddingRequired: 0
  m_isRichText: 1
  m_parseCtrlCharacters: 1
  m_isOrthographic: 1
  m_isCullingEnabled: 0
  m_ignoreRectMaskCulling: 0
  m_ignoreCulling: 1
  m_horizontalMapping: 0
  m_verticalMapping: 0
  m_uvLineOffset: 0
  m_geometrySortingOrder: 0
  m_VertexBufferAutoSizeReduction: 1
  m_firstVisibleCharacter: 0
  m_useMaxVisibleDescender: 1
  m_pageToDisplay: 1
  m_margin: {x: 0, y: 0, z: 0, w: 0}
  m_textInfo:
    textComponent: {fileID: 6726254135120824953}
    characterCount: 4
    spriteCount: 0
    spaceCount: 1
    wordCount: 1
    linkCount: 0
    lineCount: 1
    pageCount: 1
    materialCount: 1
  m_isUsingLegacyAnimationComponent: 0
  m_isVolumetricText: 0
  m_spriteAnimator: {fileID: 0}
  m_hasFontAssetChanged: 0
  m_subTextObjects:
  - {fileID: 0}
  - {fileID: 0}
  - {fileID: 0}
  - {fileID: 0}
  - {fileID: 0}
  - {fileID: 0}
  - {fileID: 0}
  - {fileID: 0}
  m_baseMaterial: {fileID: 0}
  m_maskOffset: {x: 0, y: 0, z: 0, w: 0}
--- !u!1 &298962416709628715
GameObject:
  m_ObjectHideFlags: 0
  m_CorrespondingSourceObject: {fileID: 0}
  m_PrefabInstance: {fileID: 0}
  m_PrefabAsset: {fileID: 0}
  serializedVersion: 6
  m_Component:
  - component: {fileID: 2338762048680982400}
  - component: {fileID: 1179283919956943729}
  - component: {fileID: 2680686249290408353}
  - component: {fileID: 2763482582582830549}
  m_Layer: 5
  m_Name: top
  m_TagString: Untagged
  m_Icon: {fileID: 0}
  m_NavMeshLayer: 0
  m_StaticEditorFlags: 0
  m_IsActive: 1
--- !u!224 &2338762048680982400
RectTransform:
  m_ObjectHideFlags: 0
  m_CorrespondingSourceObject: {fileID: 0}
  m_PrefabInstance: {fileID: 0}
  m_PrefabAsset: {fileID: 0}
  m_GameObject: {fileID: 298962416709628715}
  m_LocalRotation: {x: -0, y: -0, z: -0, w: 1}
  m_LocalPosition: {x: 0, y: 0, z: 0}
  m_LocalScale: {x: 1, y: 1, z: 1}
  m_Children: []
  m_Father: {fileID: 6356228167845550029}
  m_RootOrder: 0
  m_LocalEulerAnglesHint: {x: 0, y: 0, z: 0}
  m_AnchorMin: {x: 0, y: 1}
  m_AnchorMax: {x: 1, y: 1}
  m_AnchoredPosition: {x: 0, y: 0}
  m_SizeDelta: {x: 0, y: 300}
  m_Pivot: {x: 0.5, y: 1}
--- !u!222 &1179283919956943729
CanvasRenderer:
  m_ObjectHideFlags: 0
  m_CorrespondingSourceObject: {fileID: 0}
  m_PrefabInstance: {fileID: 0}
  m_PrefabAsset: {fileID: 0}
  m_GameObject: {fileID: 298962416709628715}
  m_CullTransparentMesh: 0
--- !u!114 &2680686249290408353
MonoBehaviour:
  m_ObjectHideFlags: 0
  m_CorrespondingSourceObject: {fileID: 0}
  m_PrefabInstance: {fileID: 0}
  m_PrefabAsset: {fileID: 0}
  m_GameObject: {fileID: 298962416709628715}
  m_Enabled: 1
  m_EditorHideFlags: 0
  m_Script: {fileID: 11500000, guid: fe87c0e1cc204ed48ad3b37840f39efc, type: 3}
  m_Name: 
  m_EditorClassIdentifier: 
  m_Material: {fileID: 0}
  m_Color: {r: 1, g: 1, b: 1, a: 1}
  m_RaycastTarget: 1
  m_Maskable: 1
  m_OnCullStateChanged:
    m_PersistentCalls:
      m_Calls: []
  m_Sprite: {fileID: 0}
  m_Type: 0
  m_PreserveAspect: 0
  m_FillCenter: 1
  m_FillMethod: 4
  m_FillAmount: 1
  m_FillClockwise: 1
  m_FillOrigin: 0
  m_UseSpriteMesh: 0
  m_PixelsPerUnitMultiplier: 1
--- !u!114 &2763482582582830549
MonoBehaviour:
  m_ObjectHideFlags: 0
  m_CorrespondingSourceObject: {fileID: 0}
  m_PrefabInstance: {fileID: 0}
  m_PrefabAsset: {fileID: 0}
  m_GameObject: {fileID: 298962416709628715}
  m_Enabled: 1
  m_EditorHideFlags: 0
  m_Script: {fileID: 11500000, guid: 409a53c2fc720400bb482962c5563548, type: 3}
  m_Name: 
  m_EditorClassIdentifier: 
  settings:
    _blur: 0
    _endAngle: 360
    _fillColor: {r: 0, g: 0, b: 0, a: 1}
    _fillColor2: {r: 0.94509804, g: 0.76862746, b: 0.05882353, a: 0.5019608}
    _fillOffset: {x: 0, y: 0}
    _fillPathLoops: 0
    _fillRotation: 0
    _fillScale: {x: 1, y: 1}
    _fillTexture: {fileID: 0}
    _fillType: 2
    _gradientAxis: 0
    _gradientStart: 0
    _gradientType: 0
    _gridSize: 50
    _innerCutout: {x: 0, y: 0}
    _invertArc: 0
    _lineSize: 4
    _obsoleteNumSides: -1
    _outlineColor: {r: 1, g: 1, b: 1, a: 1}
    _outlineSize: 0
    _pathSegments:
    - p0: {x: -0.3, y: 0, z: 0}
      p1: {x: 0, y: 0, z: 0}
      p2: {x: 0.3, y: 0, z: 0}
    _pathThickness: 0.1
    _polygonPreset: 4
    _polyVertices:
    - {x: -0.000000021855694, y: 0.5}
    - {x: -0.4330127, y: 0.25000003}
    - {x: -0.43301263, y: -0.2500001}
    - {x: 0.0000000059624403, y: -0.5}
    - {x: 0.43301278, y: -0.24999988}
    - {x: 0.4330127, y: 0.25000003}
    _roundness: 10
    _roundnessBottomLeft: 10
    _roundnessBottomRight: 10
    _roundnessPerCorner: 1
    _roundnessTopLeft: 0
    _roundnessTopRight: 0
    _shapeType: 2
    _startAngle: 0
    _triangleOffset: 0.5
    _usePolygonMap: 0
  wasConverted: 0
  preConvertedScale: {x: 0, y: 0, z: 0}
--- !u!1 &2478689125537290670
GameObject:
  m_ObjectHideFlags: 0
  m_CorrespondingSourceObject: {fileID: 0}
  m_PrefabInstance: {fileID: 0}
  m_PrefabAsset: {fileID: 0}
  serializedVersion: 6
  m_Component:
  - component: {fileID: 3915197585673999348}
  - component: {fileID: 8498625325705380557}
  - component: {fileID: 6564611885884524638}
  - component: {fileID: 5047502925302280076}
  m_Layer: 5
  m_Name: bottom
  m_TagString: Untagged
  m_Icon: {fileID: 0}
  m_NavMeshLayer: 0
  m_StaticEditorFlags: 0
  m_IsActive: 1
--- !u!224 &3915197585673999348
RectTransform:
  m_ObjectHideFlags: 0
  m_CorrespondingSourceObject: {fileID: 0}
  m_PrefabInstance: {fileID: 0}
  m_PrefabAsset: {fileID: 0}
  m_GameObject: {fileID: 2478689125537290670}
  m_LocalRotation: {x: -0, y: -0, z: -0, w: 1}
  m_LocalPosition: {x: 0, y: 0, z: 0}
  m_LocalScale: {x: 1, y: 1, z: 1}
  m_Children: []
  m_Father: {fileID: 6356228167845550029}
  m_RootOrder: 1
  m_LocalEulerAnglesHint: {x: 0, y: 0, z: 0}
  m_AnchorMin: {x: 0, y: 0}
  m_AnchorMax: {x: 1, y: 0}
  m_AnchoredPosition: {x: 0, y: 0}
  m_SizeDelta: {x: 0, y: 200}
  m_Pivot: {x: 0.5, y: 0}
--- !u!222 &8498625325705380557
CanvasRenderer:
  m_ObjectHideFlags: 0
  m_CorrespondingSourceObject: {fileID: 0}
  m_PrefabInstance: {fileID: 0}
  m_PrefabAsset: {fileID: 0}
  m_GameObject: {fileID: 2478689125537290670}
  m_CullTransparentMesh: 0
--- !u!114 &6564611885884524638
MonoBehaviour:
  m_ObjectHideFlags: 0
  m_CorrespondingSourceObject: {fileID: 0}
  m_PrefabInstance: {fileID: 0}
  m_PrefabAsset: {fileID: 0}
  m_GameObject: {fileID: 2478689125537290670}
  m_Enabled: 1
  m_EditorHideFlags: 0
  m_Script: {fileID: 11500000, guid: fe87c0e1cc204ed48ad3b37840f39efc, type: 3}
  m_Name: 
  m_EditorClassIdentifier: 
  m_Material: {fileID: 0}
  m_Color: {r: 1, g: 1, b: 1, a: 1}
  m_RaycastTarget: 1
  m_Maskable: 1
  m_OnCullStateChanged:
    m_PersistentCalls:
      m_Calls: []
  m_Sprite: {fileID: 0}
  m_Type: 0
  m_PreserveAspect: 0
  m_FillCenter: 1
  m_FillMethod: 4
  m_FillAmount: 1
  m_FillClockwise: 1
  m_FillOrigin: 0
  m_UseSpriteMesh: 0
  m_PixelsPerUnitMultiplier: 1
--- !u!114 &5047502925302280076
MonoBehaviour:
  m_ObjectHideFlags: 0
  m_CorrespondingSourceObject: {fileID: 0}
  m_PrefabInstance: {fileID: 0}
  m_PrefabAsset: {fileID: 0}
  m_GameObject: {fileID: 2478689125537290670}
  m_Enabled: 1
  m_EditorHideFlags: 0
  m_Script: {fileID: 11500000, guid: 409a53c2fc720400bb482962c5563548, type: 3}
  m_Name: 
  m_EditorClassIdentifier: 
  settings:
    _blur: 0
    _endAngle: 360
    _fillColor: {r: 0, g: 0, b: 0, a: 1}
    _fillColor2: {r: 0.94509804, g: 0.76862746, b: 0.05882353, a: 0.5019608}
    _fillOffset: {x: 0, y: 0}
    _fillPathLoops: 0
    _fillRotation: 0
    _fillScale: {x: 1, y: 1}
    _fillTexture: {fileID: 0}
    _fillType: 2
    _gradientAxis: 0
    _gradientStart: 0
    _gradientType: 0
    _gridSize: 50
    _innerCutout: {x: 0, y: 0}
    _invertArc: 0
    _lineSize: 4
    _obsoleteNumSides: -1
    _outlineColor: {r: 1, g: 1, b: 1, a: 1}
    _outlineSize: 0
    _pathSegments:
    - p0: {x: -0.3, y: 0, z: 0}
      p1: {x: 0, y: 0, z: 0}
      p2: {x: 0.3, y: 0, z: 0}
    _pathThickness: 0.1
    _polygonPreset: 4
    _polyVertices:
    - {x: -0.000000021855694, y: 0.5}
    - {x: -0.4330127, y: 0.25000003}
    - {x: -0.43301263, y: -0.2500001}
    - {x: 0.0000000059624403, y: -0.5}
    - {x: 0.43301278, y: -0.24999988}
    - {x: 0.4330127, y: 0.25000003}
    _roundness: 10
    _roundnessBottomLeft: 0
    _roundnessBottomRight: 0
    _roundnessPerCorner: 1
    _roundnessTopLeft: 10
    _roundnessTopRight: 10
    _shapeType: 2
    _startAngle: 0
    _triangleOffset: 0.5
    _usePolygonMap: 0
  wasConverted: 0
  preConvertedScale: {x: 0, y: 0, z: 0}
--- !u!1 &2478709356715687682
GameObject:
  m_ObjectHideFlags: 0
  m_CorrespondingSourceObject: {fileID: 0}
  m_PrefabInstance: {fileID: 0}
  m_PrefabAsset: {fileID: 0}
  serializedVersion: 6
  m_Component:
  - component: {fileID: 4571975531247522882}
  - component: {fileID: 2743846557729960839}
  - component: {fileID: 3975232837736391895}
  m_Layer: 5
  m_Name: yellow
  m_TagString: Untagged
  m_Icon: {fileID: 0}
  m_NavMeshLayer: 0
  m_StaticEditorFlags: 0
  m_IsActive: 1
--- !u!224 &4571975531247522882
RectTransform:
  m_ObjectHideFlags: 0
  m_CorrespondingSourceObject: {fileID: 0}
  m_PrefabInstance: {fileID: 0}
  m_PrefabAsset: {fileID: 0}
  m_GameObject: {fileID: 2478709356715687682}
  m_LocalRotation: {x: 0, y: 0, z: 0, w: 1}
  m_LocalPosition: {x: 0, y: 0, z: 0}
  m_LocalScale: {x: 1, y: 1, z: 1}
  m_Children: []
  m_Father: {fileID: 5668389202176634811}
  m_RootOrder: 0
  m_LocalEulerAnglesHint: {x: 0, y: 0, z: 0}
  m_AnchorMin: {x: 0, y: 0}
  m_AnchorMax: {x: 1, y: 1}
  m_AnchoredPosition: {x: 0, y: 0}
  m_SizeDelta: {x: 0, y: 0}
  m_Pivot: {x: 0.5, y: 0.5}
--- !u!222 &2743846557729960839
CanvasRenderer:
  m_ObjectHideFlags: 0
  m_CorrespondingSourceObject: {fileID: 0}
  m_PrefabInstance: {fileID: 0}
  m_PrefabAsset: {fileID: 0}
  m_GameObject: {fileID: 2478709356715687682}
  m_CullTransparentMesh: 0
--- !u!114 &3975232837736391895
MonoBehaviour:
  m_ObjectHideFlags: 0
  m_CorrespondingSourceObject: {fileID: 0}
  m_PrefabInstance: {fileID: 0}
  m_PrefabAsset: {fileID: 0}
  m_GameObject: {fileID: 2478709356715687682}
  m_Enabled: 1
  m_EditorHideFlags: 0
  m_Script: {fileID: 11500000, guid: f4688fdb7df04437aeb418b961361dc5, type: 3}
  m_Name: 
  m_EditorClassIdentifier: 
  m_Material: {fileID: 0}
  m_Color: {r: 1, g: 1, b: 1, a: 1}
  m_RaycastTarget: 1
  m_Maskable: 1
  m_OnCullStateChanged:
    m_PersistentCalls:
      m_Calls: []
  m_text: '0

'
  m_isRightToLeft: 0
  m_fontAsset: {fileID: 11400000, guid: 8f586378b4e144a9851e7b34d9b748ee, type: 2}
  m_sharedMaterial: {fileID: 2180264, guid: 8f586378b4e144a9851e7b34d9b748ee, type: 2}
  m_fontSharedMaterials: []
  m_fontMaterial: {fileID: 0}
  m_fontMaterials: []
  m_fontColor32:
    serializedVersion: 2
    rgba: 4294967295
  m_fontColor: {r: 1, g: 1, b: 1, a: 1}
  m_enableVertexGradient: 0
  m_colorMode: 3
  m_fontColorGradient:
    topLeft: {r: 1, g: 1, b: 1, a: 1}
    topRight: {r: 1, g: 1, b: 1, a: 1}
    bottomLeft: {r: 1, g: 1, b: 1, a: 1}
    bottomRight: {r: 1, g: 1, b: 1, a: 1}
  m_fontColorGradientPreset: {fileID: 0}
  m_spriteAsset: {fileID: 0}
  m_tintAllSprites: 0
  m_overrideHtmlColors: 0
  m_faceColor:
    serializedVersion: 2
    rgba: 4294967295
  m_outlineColor:
    serializedVersion: 2
    rgba: 4278190080
  m_fontSize: 100
  m_fontSizeBase: 100
  m_fontWeight: 400
  m_enableAutoSizing: 0
  m_fontSizeMin: 18
  m_fontSizeMax: 72
  m_fontStyle: 0
  m_textAlignment: 514
  m_characterSpacing: 0
  m_wordSpacing: 0
  m_lineSpacing: 0
  m_lineSpacingMax: 0
  m_paragraphSpacing: 0
  m_charWidthMaxAdj: 0
  m_enableWordWrapping: 1
  m_wordWrappingRatios: 0.4
  m_overflowMode: 0
  m_firstOverflowCharacterIndex: -1
  m_linkedTextComponent: {fileID: 0}
  m_isLinkedTextComponent: 0
  m_isTextTruncated: 0
  m_enableKerning: 1
  m_enableExtraPadding: 0
  checkPaddingRequired: 0
  m_isRichText: 1
  m_parseCtrlCharacters: 1
  m_isOrthographic: 1
  m_isCullingEnabled: 0
  m_ignoreRectMaskCulling: 0
  m_ignoreCulling: 1
  m_horizontalMapping: 0
  m_verticalMapping: 0
  m_uvLineOffset: 0
  m_geometrySortingOrder: 0
  m_VertexBufferAutoSizeReduction: 1
  m_firstVisibleCharacter: 0
  m_useMaxVisibleDescender: 1
  m_pageToDisplay: 1
  m_margin: {x: 0, y: 0, z: 0, w: 0}
  m_textInfo:
    textComponent: {fileID: 3975232837736391895}
    characterCount: 2
    spriteCount: 0
    spaceCount: 1
    wordCount: 1
    linkCount: 0
    lineCount: 1
    pageCount: 1
    materialCount: 1
  m_isUsingLegacyAnimationComponent: 0
  m_isVolumetricText: 0
  m_spriteAnimator: {fileID: 0}
  m_hasFontAssetChanged: 0
  m_subTextObjects:
  - {fileID: 0}
  - {fileID: 0}
  - {fileID: 0}
  - {fileID: 0}
  - {fileID: 0}
  - {fileID: 0}
  - {fileID: 0}
  - {fileID: 0}
  m_baseMaterial: {fileID: 0}
  m_maskOffset: {x: 0, y: 0, z: 0, w: 0}
--- !u!1 &2702720519964975826
GameObject:
  m_ObjectHideFlags: 0
  m_CorrespondingSourceObject: {fileID: 0}
  m_PrefabInstance: {fileID: 0}
  m_PrefabAsset: {fileID: 0}
  serializedVersion: 6
  m_Component:
  - component: {fileID: 1182059813460541643}
  - component: {fileID: 2184498339846109632}
  - component: {fileID: 3033168442281014769}
  m_Layer: 5
  m_Name: red
  m_TagString: Untagged
  m_Icon: {fileID: 0}
  m_NavMeshLayer: 0
  m_StaticEditorFlags: 0
  m_IsActive: 1
--- !u!224 &1182059813460541643
RectTransform:
  m_ObjectHideFlags: 0
  m_CorrespondingSourceObject: {fileID: 0}
  m_PrefabInstance: {fileID: 0}
  m_PrefabAsset: {fileID: 0}
  m_GameObject: {fileID: 2702720519964975826}
  m_LocalRotation: {x: 0, y: 0, z: 0, w: 1}
  m_LocalPosition: {x: 0, y: 0, z: 0}
  m_LocalScale: {x: 1, y: 1, z: 1}
  m_Children: []
  m_Father: {fileID: 6232834802447572019}
  m_RootOrder: 0
  m_LocalEulerAnglesHint: {x: 0, y: 0, z: 0}
  m_AnchorMin: {x: 0, y: 0}
  m_AnchorMax: {x: 1, y: 1}
  m_AnchoredPosition: {x: 0, y: 0}
  m_SizeDelta: {x: 0, y: 0}
  m_Pivot: {x: 0.5, y: 0.5}
--- !u!222 &2184498339846109632
CanvasRenderer:
  m_ObjectHideFlags: 0
  m_CorrespondingSourceObject: {fileID: 0}
  m_PrefabInstance: {fileID: 0}
  m_PrefabAsset: {fileID: 0}
  m_GameObject: {fileID: 2702720519964975826}
  m_CullTransparentMesh: 0
--- !u!114 &3033168442281014769
MonoBehaviour:
  m_ObjectHideFlags: 0
  m_CorrespondingSourceObject: {fileID: 0}
  m_PrefabInstance: {fileID: 0}
  m_PrefabAsset: {fileID: 0}
  m_GameObject: {fileID: 2702720519964975826}
  m_Enabled: 1
  m_EditorHideFlags: 0
  m_Script: {fileID: 11500000, guid: f4688fdb7df04437aeb418b961361dc5, type: 3}
  m_Name: 
  m_EditorClassIdentifier: 
  m_Material: {fileID: 0}
  m_Color: {r: 1, g: 1, b: 1, a: 1}
  m_RaycastTarget: 1
  m_Maskable: 1
  m_OnCullStateChanged:
    m_PersistentCalls:
      m_Calls: []
  m_text: '0

'
  m_isRightToLeft: 0
  m_fontAsset: {fileID: 11400000, guid: 8f586378b4e144a9851e7b34d9b748ee, type: 2}
  m_sharedMaterial: {fileID: 2180264, guid: 8f586378b4e144a9851e7b34d9b748ee, type: 2}
  m_fontSharedMaterials: []
  m_fontMaterial: {fileID: 0}
  m_fontMaterials: []
  m_fontColor32:
    serializedVersion: 2
    rgba: 4294967295
  m_fontColor: {r: 1, g: 1, b: 1, a: 1}
  m_enableVertexGradient: 0
  m_colorMode: 3
  m_fontColorGradient:
    topLeft: {r: 1, g: 1, b: 1, a: 1}
    topRight: {r: 1, g: 1, b: 1, a: 1}
    bottomLeft: {r: 1, g: 1, b: 1, a: 1}
    bottomRight: {r: 1, g: 1, b: 1, a: 1}
  m_fontColorGradientPreset: {fileID: 0}
  m_spriteAsset: {fileID: 0}
  m_tintAllSprites: 0
  m_overrideHtmlColors: 0
  m_faceColor:
    serializedVersion: 2
    rgba: 4294967295
  m_outlineColor:
    serializedVersion: 2
    rgba: 4278190080
  m_fontSize: 100
  m_fontSizeBase: 100
  m_fontWeight: 400
  m_enableAutoSizing: 0
  m_fontSizeMin: 18
  m_fontSizeMax: 72
  m_fontStyle: 0
  m_textAlignment: 514
  m_characterSpacing: 0
  m_wordSpacing: 0
  m_lineSpacing: 0
  m_lineSpacingMax: 0
  m_paragraphSpacing: 0
  m_charWidthMaxAdj: 0
  m_enableWordWrapping: 1
  m_wordWrappingRatios: 0.4
  m_overflowMode: 0
  m_firstOverflowCharacterIndex: -1
  m_linkedTextComponent: {fileID: 0}
  m_isLinkedTextComponent: 0
  m_isTextTruncated: 0
  m_enableKerning: 1
  m_enableExtraPadding: 0
  checkPaddingRequired: 0
  m_isRichText: 1
  m_parseCtrlCharacters: 1
  m_isOrthographic: 1
  m_isCullingEnabled: 0
  m_ignoreRectMaskCulling: 0
  m_ignoreCulling: 1
  m_horizontalMapping: 0
  m_verticalMapping: 0
  m_uvLineOffset: 0
  m_geometrySortingOrder: 0
  m_VertexBufferAutoSizeReduction: 1
  m_firstVisibleCharacter: 0
  m_useMaxVisibleDescender: 1
  m_pageToDisplay: 1
  m_margin: {x: 0, y: 0, z: 0, w: 0}
  m_textInfo:
    textComponent: {fileID: 3033168442281014769}
    characterCount: 2
    spriteCount: 0
    spaceCount: 1
    wordCount: 1
    linkCount: 0
    lineCount: 1
    pageCount: 1
    materialCount: 1
  m_isUsingLegacyAnimationComponent: 0
  m_isVolumetricText: 0
  m_spriteAnimator: {fileID: 0}
  m_hasFontAssetChanged: 0
  m_subTextObjects:
  - {fileID: 0}
  - {fileID: 0}
  - {fileID: 0}
  - {fileID: 0}
  - {fileID: 0}
  - {fileID: 0}
  - {fileID: 0}
  - {fileID: 0}
  m_baseMaterial: {fileID: 0}
  m_maskOffset: {x: 0, y: 0, z: 0, w: 0}
--- !u!1 &4880450915080672761
GameObject:
  m_ObjectHideFlags: 0
  m_CorrespondingSourceObject: {fileID: 0}
  m_PrefabInstance: {fileID: 0}
  m_PrefabAsset: {fileID: 0}
  serializedVersion: 6
  m_Component:
  - component: {fileID: 2878198551167116877}
  - component: {fileID: 3328857460475236571}
  - component: {fileID: 830480637267952846}
  - component: {fileID: 7812653965841843709}
  m_Layer: 5
  m_Name: blue_
  m_TagString: Untagged
  m_Icon: {fileID: 0}
  m_NavMeshLayer: 0
  m_StaticEditorFlags: 0
  m_IsActive: 1
--- !u!224 &2878198551167116877
RectTransform:
  m_ObjectHideFlags: 0
  m_CorrespondingSourceObject: {fileID: 0}
  m_PrefabInstance: {fileID: 0}
  m_PrefabAsset: {fileID: 0}
  m_GameObject: {fileID: 4880450915080672761}
  m_LocalRotation: {x: -0, y: -0, z: -0, w: 1}
  m_LocalPosition: {x: 0, y: 0, z: 0}
  m_LocalScale: {x: 1, y: 1, z: 1}
  m_Children:
  - {fileID: 2049587616223887645}
  m_Father: {fileID: 3455288567223526295}
  m_RootOrder: 0
  m_LocalEulerAnglesHint: {x: 0, y: 0, z: 0}
  m_AnchorMin: {x: 0, y: 0}
  m_AnchorMax: {x: 0, y: 0}
  m_AnchoredPosition: {x: 0, y: 0}
  m_SizeDelta: {x: 200, y: 200}
  m_Pivot: {x: 0.5, y: 0.5}
--- !u!222 &3328857460475236571
CanvasRenderer:
  m_ObjectHideFlags: 0
  m_CorrespondingSourceObject: {fileID: 0}
  m_PrefabInstance: {fileID: 0}
  m_PrefabAsset: {fileID: 0}
  m_GameObject: {fileID: 4880450915080672761}
  m_CullTransparentMesh: 0
--- !u!114 &830480637267952846
MonoBehaviour:
  m_ObjectHideFlags: 0
  m_CorrespondingSourceObject: {fileID: 0}
  m_PrefabInstance: {fileID: 0}
  m_PrefabAsset: {fileID: 0}
  m_GameObject: {fileID: 4880450915080672761}
  m_Enabled: 1
  m_EditorHideFlags: 0
  m_Script: {fileID: 11500000, guid: fe87c0e1cc204ed48ad3b37840f39efc, type: 3}
  m_Name: 
  m_EditorClassIdentifier: 
  m_Material: {fileID: 0}
  m_Color: {r: 1, g: 1, b: 1, a: 1}
  m_RaycastTarget: 1
  m_Maskable: 1
  m_OnCullStateChanged:
    m_PersistentCalls:
      m_Calls: []
  m_Sprite: {fileID: 0}
  m_Type: 0
  m_PreserveAspect: 0
  m_FillCenter: 1
  m_FillMethod: 4
  m_FillAmount: 1
  m_FillClockwise: 1
  m_FillOrigin: 0
  m_UseSpriteMesh: 0
  m_PixelsPerUnitMultiplier: 1
--- !u!114 &7812653965841843709
MonoBehaviour:
  m_ObjectHideFlags: 0
  m_CorrespondingSourceObject: {fileID: 0}
  m_PrefabInstance: {fileID: 0}
  m_PrefabAsset: {fileID: 0}
  m_GameObject: {fileID: 4880450915080672761}
  m_Enabled: 1
  m_EditorHideFlags: 0
  m_Script: {fileID: 11500000, guid: 409a53c2fc720400bb482962c5563548, type: 3}
  m_Name: 
  m_EditorClassIdentifier: 
  settings:
    _blur: 0
    _endAngle: 360
    _fillColor: {r: 0, g: 0.288177, b: 1, a: 1}
    _fillColor2: {r: 0.94509804, g: 0.76862746, b: 0.05882353, a: 0.5019608}
    _fillOffset: {x: 0, y: 0}
    _fillPathLoops: 0
    _fillRotation: 0
    _fillScale: {x: 1, y: 1}
    _fillTexture: {fileID: 0}
    _fillType: 2
    _gradientAxis: 0
    _gradientStart: 0
    _gradientType: 0
    _gridSize: 50
    _innerCutout: {x: 0, y: 0}
    _invertArc: 0
    _lineSize: 4
    _obsoleteNumSides: -1
    _outlineColor: {r: 1, g: 1, b: 1, a: 1}
    _outlineSize: 0
    _pathSegments:
    - p0: {x: -0.3, y: 0, z: 0}
      p1: {x: 0, y: 0, z: 0}
      p2: {x: 0.3, y: 0, z: 0}
    _pathThickness: 0.1
    _polygonPreset: 4
    _polyVertices:
    - {x: -0.000000021855694, y: 0.5}
    - {x: -0.4330127, y: 0.25000003}
    - {x: -0.43301263, y: -0.2500001}
    - {x: 0.0000000059624403, y: -0.5}
    - {x: 0.43301278, y: -0.24999988}
    - {x: 0.4330127, y: 0.25000003}
    _roundness: 50
    _roundnessBottomLeft: 50
    _roundnessBottomRight: 50
    _roundnessPerCorner: 0
    _roundnessTopLeft: 50
    _roundnessTopRight: 50
    _shapeType: 2
    _startAngle: 0
    _triangleOffset: 0.5
    _usePolygonMap: 0
  wasConverted: 0
  preConvertedScale: {x: 0, y: 0, z: 0}
--- !u!1 &5151073258002739942
GameObject:
  m_ObjectHideFlags: 0
  m_CorrespondingSourceObject: {fileID: 0}
  m_PrefabInstance: {fileID: 0}
  m_PrefabAsset: {fileID: 0}
  serializedVersion: 6
  m_Component:
  - component: {fileID: 3455288567223526295}
  - component: {fileID: 4230459426691531909}
  m_Layer: 5
  m_Name: GameObject
  m_TagString: Untagged
  m_Icon: {fileID: 0}
  m_NavMeshLayer: 0
  m_StaticEditorFlags: 0
  m_IsActive: 1
--- !u!224 &3455288567223526295
RectTransform:
  m_ObjectHideFlags: 0
  m_CorrespondingSourceObject: {fileID: 0}
  m_PrefabInstance: {fileID: 0}
  m_PrefabAsset: {fileID: 0}
  m_GameObject: {fileID: 5151073258002739942}
  m_LocalRotation: {x: 0, y: 0, z: 0, w: 1}
  m_LocalPosition: {x: 0, y: 0, z: 0}
  m_LocalScale: {x: 1, y: 1, z: 1}
  m_Children:
  - {fileID: 2878198551167116877}
  - {fileID: 5668389202176634811}
  - {fileID: 6232834802447572019}
  m_Father: {fileID: 6356228167845550029}
  m_RootOrder: 7
  m_LocalEulerAnglesHint: {x: 0, y: 0, z: 0}
  m_AnchorMin: {x: 0.5, y: 1}
  m_AnchorMax: {x: 0.5, y: 1}
  m_AnchoredPosition: {x: 0, y: -378}
  m_SizeDelta: {x: 800, y: 100}
  m_Pivot: {x: 0.5, y: 0.5}
--- !u!114 &4230459426691531909
MonoBehaviour:
  m_ObjectHideFlags: 0
  m_CorrespondingSourceObject: {fileID: 0}
  m_PrefabInstance: {fileID: 0}
  m_PrefabAsset: {fileID: 0}
  m_GameObject: {fileID: 5151073258002739942}
  m_Enabled: 1
  m_EditorHideFlags: 0
  m_Script: {fileID: 11500000, guid: 30649d3a9faa99c48a7b1166b86bf2a0, type: 3}
  m_Name: 
  m_EditorClassIdentifier: 
  m_Padding:
    m_Left: 0
    m_Right: 0
    m_Top: 0
    m_Bottom: 0
  m_ChildAlignment: 0
  m_Spacing: 0
  m_ChildForceExpandWidth: 1
  m_ChildForceExpandHeight: 1
  m_ChildControlWidth: 0
  m_ChildControlHeight: 0
  m_ChildScaleWidth: 0
  m_ChildScaleHeight: 0
--- !u!1 &5764066626499593164
GameObject:
  m_ObjectHideFlags: 0
  m_CorrespondingSourceObject: {fileID: 0}
  m_PrefabInstance: {fileID: 0}
  m_PrefabAsset: {fileID: 0}
  serializedVersion: 6
  m_Component:
  - component: {fileID: 6755047111051770612}
  - component: {fileID: 8693592658179185549}
  - component: {fileID: 7844248393972947567}
  m_Layer: 5
  m_Name: TxtLevel
  m_TagString: Untagged
  m_Icon: {fileID: 0}
  m_NavMeshLayer: 0
  m_StaticEditorFlags: 0
  m_IsActive: 1
--- !u!224 &6755047111051770612
RectTransform:
  m_ObjectHideFlags: 0
  m_CorrespondingSourceObject: {fileID: 0}
  m_PrefabInstance: {fileID: 0}
  m_PrefabAsset: {fileID: 0}
  m_GameObject: {fileID: 5764066626499593164}
  m_LocalRotation: {x: 0, y: 0, z: 0, w: 1}
  m_LocalPosition: {x: 0, y: 0, z: 0}
  m_LocalScale: {x: 1, y: 1, z: 1}
  m_Children: []
  m_Father: {fileID: 6356228167845550029}
  m_RootOrder: 5
  m_LocalEulerAnglesHint: {x: 0, y: 0, z: 0}
  m_AnchorMin: {x: 0.5, y: 1}
  m_AnchorMax: {x: 0.5, y: 1}
  m_AnchoredPosition: {x: -361, y: 0}
  m_SizeDelta: {x: 600, y: 300}
  m_Pivot: {x: 0.5, y: 1}
--- !u!222 &8693592658179185549
CanvasRenderer:
  m_ObjectHideFlags: 0
  m_CorrespondingSourceObject: {fileID: 0}
  m_PrefabInstance: {fileID: 0}
  m_PrefabAsset: {fileID: 0}
  m_GameObject: {fileID: 5764066626499593164}
  m_CullTransparentMesh: 0
--- !u!114 &7844248393972947567
MonoBehaviour:
  m_ObjectHideFlags: 0
  m_CorrespondingSourceObject: {fileID: 0}
  m_PrefabInstance: {fileID: 0}
  m_PrefabAsset: {fileID: 0}
  m_GameObject: {fileID: 5764066626499593164}
  m_Enabled: 1
  m_EditorHideFlags: 0
  m_Script: {fileID: 11500000, guid: f4688fdb7df04437aeb418b961361dc5, type: 3}
  m_Name: 
  m_EditorClassIdentifier: 
  m_Material: {fileID: 0}
  m_Color: {r: 1, g: 1, b: 1, a: 1}
  m_RaycastTarget: 1
  m_Maskable: 1
  m_OnCullStateChanged:
    m_PersistentCalls:
      m_Calls: []
  m_text: LEVEL 1
  m_isRightToLeft: 0
  m_fontAsset: {fileID: 11400000, guid: d98dc8c95bd540244a1540e97faa75d1, type: 2}
  m_sharedMaterial: {fileID: -3811721053624936465, guid: d98dc8c95bd540244a1540e97faa75d1,
    type: 2}
  m_fontSharedMaterials: []
  m_fontMaterial: {fileID: 0}
  m_fontMaterials: []
  m_fontColor32:
    serializedVersion: 2
    rgba: 4294967295
  m_fontColor: {r: 1, g: 1, b: 1, a: 1}
  m_enableVertexGradient: 0
  m_colorMode: 3
  m_fontColorGradient:
    topLeft: {r: 1, g: 1, b: 1, a: 1}
    topRight: {r: 1, g: 1, b: 1, a: 1}
    bottomLeft: {r: 1, g: 1, b: 1, a: 1}
    bottomRight: {r: 1, g: 1, b: 1, a: 1}
  m_fontColorGradientPreset: {fileID: 0}
  m_spriteAsset: {fileID: 0}
  m_tintAllSprites: 0
  m_overrideHtmlColors: 0
  m_faceColor:
    serializedVersion: 2
    rgba: 4294967295
  m_outlineColor:
    serializedVersion: 2
    rgba: 4278190080
  m_fontSize: 160
  m_fontSizeBase: 160
  m_fontWeight: 400
  m_enableAutoSizing: 0
  m_fontSizeMin: 18
  m_fontSizeMax: 72
  m_fontStyle: 0
  m_textAlignment: 514
  m_characterSpacing: 0
  m_wordSpacing: 0
  m_lineSpacing: 0
  m_lineSpacingMax: 0
  m_paragraphSpacing: 0
  m_charWidthMaxAdj: 0
  m_enableWordWrapping: 1
  m_wordWrappingRatios: 0.4
  m_overflowMode: 0
  m_firstOverflowCharacterIndex: -1
  m_linkedTextComponent: {fileID: 0}
  m_isLinkedTextComponent: 0
  m_isTextTruncated: 0
  m_enableKerning: 1
  m_enableExtraPadding: 0
  checkPaddingRequired: 0
  m_isRichText: 1
  m_parseCtrlCharacters: 1
  m_isOrthographic: 1
  m_isCullingEnabled: 0
  m_ignoreRectMaskCulling: 0
  m_ignoreCulling: 1
  m_horizontalMapping: 0
  m_verticalMapping: 0
  m_uvLineOffset: 0
  m_geometrySortingOrder: 0
  m_VertexBufferAutoSizeReduction: 1
  m_firstVisibleCharacter: 0
  m_useMaxVisibleDescender: 1
  m_pageToDisplay: 1
  m_margin: {x: 0, y: 0, z: 0, w: 0}
  m_textInfo:
    textComponent: {fileID: 7844248393972947567}
    characterCount: 7
    spriteCount: 0
    spaceCount: 1
    wordCount: 2
    linkCount: 0
    lineCount: 1
    pageCount: 1
    materialCount: 1
  m_isUsingLegacyAnimationComponent: 0
  m_isVolumetricText: 0
  m_spriteAnimator: {fileID: 0}
  m_hasFontAssetChanged: 0
  m_subTextObjects:
  - {fileID: 0}
  - {fileID: 0}
  - {fileID: 0}
  - {fileID: 0}
  - {fileID: 0}
  - {fileID: 0}
  - {fileID: 0}
  - {fileID: 0}
  m_baseMaterial: {fileID: 0}
  m_maskOffset: {x: 0, y: 0, z: 0, w: 0}
--- !u!1 &5835446482506363018
GameObject:
  m_ObjectHideFlags: 0
  m_CorrespondingSourceObject: {fileID: 0}
  m_PrefabInstance: {fileID: 0}
  m_PrefabAsset: {fileID: 0}
  serializedVersion: 6
  m_Component:
  - component: {fileID: 5668389202176634811}
  - component: {fileID: 7011734585416667063}
  - component: {fileID: 4102364877722861455}
  - component: {fileID: 8004192322734295456}
  m_Layer: 5
  m_Name: yellow
  m_TagString: Untagged
  m_Icon: {fileID: 0}
  m_NavMeshLayer: 0
  m_StaticEditorFlags: 0
  m_IsActive: 1
--- !u!224 &5668389202176634811
RectTransform:
  m_ObjectHideFlags: 0
  m_CorrespondingSourceObject: {fileID: 0}
  m_PrefabInstance: {fileID: 0}
  m_PrefabAsset: {fileID: 0}
  m_GameObject: {fileID: 5835446482506363018}
  m_LocalRotation: {x: -0, y: -0, z: -0, w: 1}
  m_LocalPosition: {x: 0, y: 0, z: 0}
  m_LocalScale: {x: 1, y: 1, z: 1}
  m_Children:
  - {fileID: 4571975531247522882}
  m_Father: {fileID: 3455288567223526295}
  m_RootOrder: 1
  m_LocalEulerAnglesHint: {x: 0, y: 0, z: 0}
  m_AnchorMin: {x: 0, y: 0}
  m_AnchorMax: {x: 0, y: 0}
  m_AnchoredPosition: {x: 0, y: 0}
  m_SizeDelta: {x: 200, y: 200}
  m_Pivot: {x: 0.5, y: 0.5}
--- !u!222 &7011734585416667063
CanvasRenderer:
  m_ObjectHideFlags: 0
  m_CorrespondingSourceObject: {fileID: 0}
  m_PrefabInstance: {fileID: 0}
  m_PrefabAsset: {fileID: 0}
  m_GameObject: {fileID: 5835446482506363018}
  m_CullTransparentMesh: 0
--- !u!114 &4102364877722861455
MonoBehaviour:
  m_ObjectHideFlags: 0
  m_CorrespondingSourceObject: {fileID: 0}
  m_PrefabInstance: {fileID: 0}
  m_PrefabAsset: {fileID: 0}
  m_GameObject: {fileID: 5835446482506363018}
  m_Enabled: 1
  m_EditorHideFlags: 0
  m_Script: {fileID: 11500000, guid: fe87c0e1cc204ed48ad3b37840f39efc, type: 3}
  m_Name: 
  m_EditorClassIdentifier: 
  m_Material: {fileID: 0}
  m_Color: {r: 1, g: 1, b: 1, a: 1}
  m_RaycastTarget: 1
  m_Maskable: 1
  m_OnCullStateChanged:
    m_PersistentCalls:
      m_Calls: []
  m_Sprite: {fileID: 0}
  m_Type: 0
  m_PreserveAspect: 0
  m_FillCenter: 1
  m_FillMethod: 4
  m_FillAmount: 1
  m_FillClockwise: 1
  m_FillOrigin: 0
  m_UseSpriteMesh: 0
  m_PixelsPerUnitMultiplier: 1
--- !u!114 &8004192322734295456
MonoBehaviour:
  m_ObjectHideFlags: 0
  m_CorrespondingSourceObject: {fileID: 0}
  m_PrefabInstance: {fileID: 0}
  m_PrefabAsset: {fileID: 0}
  m_GameObject: {fileID: 5835446482506363018}
  m_Enabled: 1
  m_EditorHideFlags: 0
  m_Script: {fileID: 11500000, guid: 409a53c2fc720400bb482962c5563548, type: 3}
  m_Name: 
  m_EditorClassIdentifier: 
  settings:
    _blur: 0
    _endAngle: 360
    _fillColor: {r: 0.754717, g: 0.6863736, b: 0, a: 1}
    _fillColor2: {r: 0.94509804, g: 0.76862746, b: 0.05882353, a: 0.5019608}
    _fillOffset: {x: 0, y: 0}
    _fillPathLoops: 0
    _fillRotation: 0
    _fillScale: {x: 1, y: 1}
    _fillTexture: {fileID: 0}
    _fillType: 2
    _gradientAxis: 0
    _gradientStart: 0
    _gradientType: 0
    _gridSize: 50
    _innerCutout: {x: 0, y: 0}
    _invertArc: 0
    _lineSize: 4
    _obsoleteNumSides: -1
    _outlineColor: {r: 1, g: 1, b: 1, a: 1}
    _outlineSize: 0
    _pathSegments:
    - p0: {x: -0.3, y: 0, z: 0}
      p1: {x: 0, y: 0, z: 0}
      p2: {x: 0.3, y: 0, z: 0}
    _pathThickness: 0.1
    _polygonPreset: 4
    _polyVertices:
    - {x: -0.000000021855694, y: 0.5}
    - {x: -0.4330127, y: 0.25000003}
    - {x: -0.43301263, y: -0.2500001}
    - {x: 0.0000000059624403, y: -0.5}
    - {x: 0.43301278, y: -0.24999988}
    - {x: 0.4330127, y: 0.25000003}
    _roundness: 50
    _roundnessBottomLeft: 50
    _roundnessBottomRight: 50
    _roundnessPerCorner: 0
    _roundnessTopLeft: 50
    _roundnessTopRight: 50
    _shapeType: 2
    _startAngle: 0
    _triangleOffset: 0.5
    _usePolygonMap: 0
  wasConverted: 0
  preConvertedScale: {x: 0, y: 0, z: 0}
--- !u!1 &6169330624652479960
GameObject:
  m_ObjectHideFlags: 0
  m_CorrespondingSourceObject: {fileID: 0}
  m_PrefabInstance: {fileID: 0}
  m_PrefabAsset: {fileID: 0}
  serializedVersion: 6
  m_Component:
  - component: {fileID: 2142928563029453524}
  - component: {fileID: 1847094737330850625}
  - component: {fileID: 7016893645902588778}
  m_Layer: 5
  m_Name: Image
  m_TagString: Untagged
  m_Icon: {fileID: 0}
  m_NavMeshLayer: 0
  m_StaticEditorFlags: 0
  m_IsActive: 1
--- !u!224 &2142928563029453524
RectTransform:
  m_ObjectHideFlags: 0
  m_CorrespondingSourceObject: {fileID: 0}
  m_PrefabInstance: {fileID: 0}
  m_PrefabAsset: {fileID: 0}
  m_GameObject: {fileID: 6169330624652479960}
  m_LocalRotation: {x: 0, y: 0, z: 0, w: 1}
  m_LocalPosition: {x: 0, y: 0, z: 0}
  m_LocalScale: {x: 1, y: 1, z: 1}
  m_Children: []
  m_Father: {fileID: 1386895712054446340}
  m_RootOrder: 0
  m_LocalEulerAnglesHint: {x: 0, y: 0, z: 0}
  m_AnchorMin: {x: 0, y: 0.5}
  m_AnchorMax: {x: 0, y: 0.5}
  m_AnchoredPosition: {x: -77, y: 0}
  m_SizeDelta: {x: 80, y: 80}
  m_Pivot: {x: 0.5, y: 0.5}
--- !u!222 &1847094737330850625
CanvasRenderer:
  m_ObjectHideFlags: 0
  m_CorrespondingSourceObject: {fileID: 0}
  m_PrefabInstance: {fileID: 0}
  m_PrefabAsset: {fileID: 0}
  m_GameObject: {fileID: 6169330624652479960}
  m_CullTransparentMesh: 0
--- !u!114 &7016893645902588778
MonoBehaviour:
  m_ObjectHideFlags: 0
  m_CorrespondingSourceObject: {fileID: 0}
  m_PrefabInstance: {fileID: 0}
  m_PrefabAsset: {fileID: 0}
  m_GameObject: {fileID: 6169330624652479960}
  m_Enabled: 1
  m_EditorHideFlags: 0
  m_Script: {fileID: 11500000, guid: fe87c0e1cc204ed48ad3b37840f39efc, type: 3}
  m_Name: 
  m_EditorClassIdentifier: 
  m_Material: {fileID: 0}
  m_Color: {r: 1, g: 0.20769599, b: 0, a: 1}
  m_RaycastTarget: 1
  m_Maskable: 1
  m_OnCullStateChanged:
    m_PersistentCalls:
      m_Calls: []
  m_Sprite: {fileID: 21300000, guid: a16e550cd535ba44a85db4fcc466842f, type: 3}
  m_Type: 0
  m_PreserveAspect: 0
  m_FillCenter: 1
  m_FillMethod: 4
  m_FillAmount: 1
  m_FillClockwise: 1
  m_FillOrigin: 0
  m_UseSpriteMesh: 0
  m_PixelsPerUnitMultiplier: 1
--- !u!1 &6356228167845550030
GameObject:
  m_ObjectHideFlags: 0
  m_CorrespondingSourceObject: {fileID: 0}
  m_PrefabInstance: {fileID: 0}
  m_PrefabAsset: {fileID: 0}
  serializedVersion: 6
  m_Component:
  - component: {fileID: 6356228167845550029}
  - component: {fileID: 6356228167845550035}
  - component: {fileID: 299307275186687628}
  m_Layer: 5
  m_Name: HyperPageGame
  m_TagString: Untagged
  m_Icon: {fileID: 0}
  m_NavMeshLayer: 0
  m_StaticEditorFlags: 0
  m_IsActive: 1
--- !u!224 &6356228167845550029
RectTransform:
  m_ObjectHideFlags: 0
  m_CorrespondingSourceObject: {fileID: 0}
  m_PrefabInstance: {fileID: 0}
  m_PrefabAsset: {fileID: 0}
  m_GameObject: {fileID: 6356228167845550030}
  m_LocalRotation: {x: 0, y: 0, z: 0, w: 1}
  m_LocalPosition: {x: 0, y: 0, z: 0}
  m_LocalScale: {x: 1, y: 1, z: 1}
  m_Children:
  - {fileID: 2338762048680982400}
  - {fileID: 3915197585673999348}
  - {fileID: 4962651398528183206}
  - {fileID: 6356228169610881875}
  - {fileID: 7158946326163762747}
  - {fileID: 6755047111051770612}
  - {fileID: 1386895712054446340}
  - {fileID: 3455288567223526295}
  - {fileID: 5519860013951306802}
  m_Father: {fileID: 0}
  m_RootOrder: 0
  m_LocalEulerAnglesHint: {x: 0, y: 0, z: 0}
  m_AnchorMin: {x: 0, y: 0}
  m_AnchorMax: {x: 1, y: 1}
  m_AnchoredPosition: {x: 0, y: 0}
  m_SizeDelta: {x: 0, y: 0}
  m_Pivot: {x: 0.5, y: 0.5}
--- !u!222 &6356228167845550035
CanvasRenderer:
  m_ObjectHideFlags: 0
  m_CorrespondingSourceObject: {fileID: 0}
  m_PrefabInstance: {fileID: 0}
  m_PrefabAsset: {fileID: 0}
  m_GameObject: {fileID: 6356228167845550030}
  m_CullTransparentMesh: 0
--- !u!114 &299307275186687628
MonoBehaviour:
  m_ObjectHideFlags: 0
  m_CorrespondingSourceObject: {fileID: 0}
  m_PrefabInstance: {fileID: 0}
  m_PrefabAsset: {fileID: 0}
  m_GameObject: {fileID: 6356228167845550030}
  m_Enabled: 1
  m_EditorHideFlags: 0
  m_Script: {fileID: 11500000, guid: 0d6f5827b44643840aa2724fe0adc1d0, type: 3}
  m_Name: 
  m_EditorClassIdentifier: 
  EventGameStatus:
    m_PersistentCalls:
      m_Calls: []
  Id: 
  TouchTarget: {fileID: 0}
  PopupDisabledScreen: {fileID: 0}
  Bar: {fileID: 6356228168845700649}
  TxtScore: {fileID: 6726254135120824953}
  TxtLevel: {fileID: 7844248393972947567}
  BtnRestart: {fileID: 4962651398528183205}
  BlueCatch: {fileID: 0}
  YellowCatch: {fileID: 0}
  RedCatch: {fileID: 0}
--- !u!1 &8002989240716652403
GameObject:
  m_ObjectHideFlags: 0
  m_CorrespondingSourceObject: {fileID: 0}
  m_PrefabInstance: {fileID: 0}
  m_PrefabAsset: {fileID: 0}
  serializedVersion: 6
  m_Component:
  - component: {fileID: 6232834802447572019}
  - component: {fileID: 4236515358066973592}
  - component: {fileID: 437564303610100575}
  - component: {fileID: 1204981663123267748}
  m_Layer: 5
  m_Name: red
  m_TagString: Untagged
  m_Icon: {fileID: 0}
  m_NavMeshLayer: 0
  m_StaticEditorFlags: 0
  m_IsActive: 1
--- !u!224 &6232834802447572019
RectTransform:
  m_ObjectHideFlags: 0
  m_CorrespondingSourceObject: {fileID: 0}
  m_PrefabInstance: {fileID: 0}
  m_PrefabAsset: {fileID: 0}
  m_GameObject: {fileID: 8002989240716652403}
  m_LocalRotation: {x: -0, y: -0, z: -0, w: 1}
  m_LocalPosition: {x: 0, y: 0, z: 0}
  m_LocalScale: {x: 1, y: 1, z: 1}
  m_Children:
  - {fileID: 1182059813460541643}
  m_Father: {fileID: 3455288567223526295}
  m_RootOrder: 2
  m_LocalEulerAnglesHint: {x: 0, y: 0, z: 0}
  m_AnchorMin: {x: 0, y: 0}
  m_AnchorMax: {x: 0, y: 0}
  m_AnchoredPosition: {x: 0, y: 0}
  m_SizeDelta: {x: 200, y: 200}
  m_Pivot: {x: 0.5, y: 0.5}
--- !u!222 &4236515358066973592
CanvasRenderer:
  m_ObjectHideFlags: 0
  m_CorrespondingSourceObject: {fileID: 0}
  m_PrefabInstance: {fileID: 0}
  m_PrefabAsset: {fileID: 0}
  m_GameObject: {fileID: 8002989240716652403}
  m_CullTransparentMesh: 0
--- !u!114 &437564303610100575
MonoBehaviour:
  m_ObjectHideFlags: 0
  m_CorrespondingSourceObject: {fileID: 0}
  m_PrefabInstance: {fileID: 0}
  m_PrefabAsset: {fileID: 0}
  m_GameObject: {fileID: 8002989240716652403}
  m_Enabled: 1
  m_EditorHideFlags: 0
  m_Script: {fileID: 11500000, guid: fe87c0e1cc204ed48ad3b37840f39efc, type: 3}
  m_Name: 
  m_EditorClassIdentifier: 
  m_Material: {fileID: 0}
  m_Color: {r: 1, g: 1, b: 1, a: 1}
  m_RaycastTarget: 1
  m_Maskable: 1
  m_OnCullStateChanged:
    m_PersistentCalls:
      m_Calls: []
  m_Sprite: {fileID: 0}
  m_Type: 0
  m_PreserveAspect: 0
  m_FillCenter: 1
  m_FillMethod: 4
  m_FillAmount: 1
  m_FillClockwise: 1
  m_FillOrigin: 0
  m_UseSpriteMesh: 0
  m_PixelsPerUnitMultiplier: 1
--- !u!114 &1204981663123267748
MonoBehaviour:
  m_ObjectHideFlags: 0
  m_CorrespondingSourceObject: {fileID: 0}
  m_PrefabInstance: {fileID: 0}
  m_PrefabAsset: {fileID: 0}
  m_GameObject: {fileID: 8002989240716652403}
  m_Enabled: 1
  m_EditorHideFlags: 0
  m_Script: {fileID: 11500000, guid: 409a53c2fc720400bb482962c5563548, type: 3}
  m_Name: 
  m_EditorClassIdentifier: 
  settings:
    _blur: 0
    _endAngle: 360
    _fillColor: {r: 1, g: 0.010321554, b: 0, a: 1}
    _fillColor2: {r: 0.94509804, g: 0.76862746, b: 0.05882353, a: 0.5019608}
    _fillOffset: {x: 0, y: 0}
    _fillPathLoops: 0
    _fillRotation: 0
    _fillScale: {x: 1, y: 1}
    _fillTexture: {fileID: 0}
    _fillType: 2
    _gradientAxis: 0
    _gradientStart: 0
    _gradientType: 0
    _gridSize: 50
    _innerCutout: {x: 0, y: 0}
    _invertArc: 0
    _lineSize: 4
    _obsoleteNumSides: -1
    _outlineColor: {r: 1, g: 1, b: 1, a: 1}
    _outlineSize: 0
    _pathSegments:
    - p0: {x: -0.3, y: 0, z: 0}
      p1: {x: 0, y: 0, z: 0}
      p2: {x: 0.3, y: 0, z: 0}
    _pathThickness: 0.1
    _polygonPreset: 4
    _polyVertices:
    - {x: -0.000000021855694, y: 0.5}
    - {x: -0.4330127, y: 0.25000003}
    - {x: -0.43301263, y: -0.2500001}
    - {x: 0.0000000059624403, y: -0.5}
    - {x: 0.43301278, y: -0.24999988}
    - {x: 0.4330127, y: 0.25000003}
    _roundness: 50
    _roundnessBottomLeft: 50
    _roundnessBottomRight: 50
    _roundnessPerCorner: 0
    _roundnessTopLeft: 50
    _roundnessTopRight: 50
    _shapeType: 2
    _startAngle: 0
    _triangleOffset: 0.5
    _usePolygonMap: 0
  wasConverted: 0
  preConvertedScale: {x: 0, y: 0, z: 0}
--- !u!1 &8155715416422553434
GameObject:
  m_ObjectHideFlags: 0
  m_CorrespondingSourceObject: {fileID: 0}
  m_PrefabInstance: {fileID: 0}
  m_PrefabAsset: {fileID: 0}
  serializedVersion: 6
  m_Component:
  - component: {fileID: 2049587616223887645}
  - component: {fileID: 8063605565203666408}
  - component: {fileID: 8825490254817336987}
  m_Layer: 5
  m_Name: blue
  m_TagString: Untagged
  m_Icon: {fileID: 0}
  m_NavMeshLayer: 0
  m_StaticEditorFlags: 0
  m_IsActive: 1
--- !u!224 &2049587616223887645
RectTransform:
  m_ObjectHideFlags: 0
  m_CorrespondingSourceObject: {fileID: 0}
  m_PrefabInstance: {fileID: 0}
  m_PrefabAsset: {fileID: 0}
  m_GameObject: {fileID: 8155715416422553434}
  m_LocalRotation: {x: 0, y: 0, z: 0, w: 1}
  m_LocalPosition: {x: 0, y: 0, z: 0}
  m_LocalScale: {x: 1, y: 1, z: 1}
  m_Children: []
  m_Father: {fileID: 2878198551167116877}
  m_RootOrder: 0
  m_LocalEulerAnglesHint: {x: 0, y: 0, z: 0}
  m_AnchorMin: {x: 0, y: 0}
  m_AnchorMax: {x: 1, y: 1}
  m_AnchoredPosition: {x: 0, y: 0}
  m_SizeDelta: {x: 0, y: 0}
  m_Pivot: {x: 0.5, y: 0.5}
--- !u!222 &8063605565203666408
CanvasRenderer:
  m_ObjectHideFlags: 0
  m_CorrespondingSourceObject: {fileID: 0}
  m_PrefabInstance: {fileID: 0}
  m_PrefabAsset: {fileID: 0}
  m_GameObject: {fileID: 8155715416422553434}
  m_CullTransparentMesh: 0
--- !u!114 &8825490254817336987
MonoBehaviour:
  m_ObjectHideFlags: 0
  m_CorrespondingSourceObject: {fileID: 0}
  m_PrefabInstance: {fileID: 0}
  m_PrefabAsset: {fileID: 0}
  m_GameObject: {fileID: 8155715416422553434}
  m_Enabled: 1
  m_EditorHideFlags: 0
  m_Script: {fileID: 11500000, guid: f4688fdb7df04437aeb418b961361dc5, type: 3}
  m_Name: 
  m_EditorClassIdentifier: 
  m_Material: {fileID: 0}
  m_Color: {r: 1, g: 1, b: 1, a: 1}
  m_RaycastTarget: 1
  m_Maskable: 1
  m_OnCullStateChanged:
    m_PersistentCalls:
      m_Calls: []
  m_text: '0

'
  m_isRightToLeft: 0
  m_fontAsset: {fileID: 11400000, guid: 8f586378b4e144a9851e7b34d9b748ee, type: 2}
  m_sharedMaterial: {fileID: 2180264, guid: 8f586378b4e144a9851e7b34d9b748ee, type: 2}
  m_fontSharedMaterials: []
  m_fontMaterial: {fileID: 0}
  m_fontMaterials: []
  m_fontColor32:
    serializedVersion: 2
    rgba: 4294967295
  m_fontColor: {r: 1, g: 1, b: 1, a: 1}
  m_enableVertexGradient: 0
  m_colorMode: 3
  m_fontColorGradient:
    topLeft: {r: 1, g: 1, b: 1, a: 1}
    topRight: {r: 1, g: 1, b: 1, a: 1}
    bottomLeft: {r: 1, g: 1, b: 1, a: 1}
    bottomRight: {r: 1, g: 1, b: 1, a: 1}
  m_fontColorGradientPreset: {fileID: 0}
  m_spriteAsset: {fileID: 0}
  m_tintAllSprites: 0
  m_overrideHtmlColors: 0
  m_faceColor:
    serializedVersion: 2
    rgba: 4294967295
  m_outlineColor:
    serializedVersion: 2
    rgba: 4278190080
  m_fontSize: 100
  m_fontSizeBase: 100
  m_fontWeight: 400
  m_enableAutoSizing: 0
  m_fontSizeMin: 18
  m_fontSizeMax: 72
  m_fontStyle: 0
  m_textAlignment: 514
  m_characterSpacing: 0
  m_wordSpacing: 0
  m_lineSpacing: 0
  m_lineSpacingMax: 0
  m_paragraphSpacing: 0
  m_charWidthMaxAdj: 0
  m_enableWordWrapping: 1
  m_wordWrappingRatios: 0.4
  m_overflowMode: 0
  m_firstOverflowCharacterIndex: -1
  m_linkedTextComponent: {fileID: 0}
  m_isLinkedTextComponent: 0
  m_isTextTruncated: 0
  m_enableKerning: 1
  m_enableExtraPadding: 0
  checkPaddingRequired: 0
  m_isRichText: 1
  m_parseCtrlCharacters: 1
  m_isOrthographic: 1
  m_isCullingEnabled: 0
  m_ignoreRectMaskCulling: 0
  m_ignoreCulling: 1
  m_horizontalMapping: 0
  m_verticalMapping: 0
  m_uvLineOffset: 0
  m_geometrySortingOrder: 0
  m_VertexBufferAutoSizeReduction: 1
  m_firstVisibleCharacter: 0
  m_useMaxVisibleDescender: 1
  m_pageToDisplay: 1
  m_margin: {x: 0, y: 0, z: 0, w: 0}
  m_textInfo:
    textComponent: {fileID: 8825490254817336987}
    characterCount: 2
    spriteCount: 0
    spaceCount: 1
    wordCount: 1
    linkCount: 0
    lineCount: 1
    pageCount: 1
    materialCount: 1
  m_isUsingLegacyAnimationComponent: 0
  m_isVolumetricText: 0
  m_spriteAnimator: {fileID: 0}
  m_hasFontAssetChanged: 0
  m_subTextObjects:
  - {fileID: 0}
  - {fileID: 0}
  - {fileID: 0}
  - {fileID: 0}
  - {fileID: 0}
  - {fileID: 0}
  - {fileID: 0}
  - {fileID: 0}
  m_baseMaterial: {fileID: 0}
  m_maskOffset: {x: 0, y: 0, z: 0, w: 0}
--- !u!1001 &228991062392589745
PrefabInstance:
  m_ObjectHideFlags: 0
  serializedVersion: 2
  m_Modification:
    m_TransformParent: {fileID: 6356228167845550029}
    m_Modifications:
    - target: {fileID: 5744325139660865923, guid: b8a1cd5084d936c42b846aec3aede2d5,
        type: 3}
      propertyPath: m_LocalPosition.x
      value: 0
      objectReference: {fileID: 0}
    - target: {fileID: 5744325139660865923, guid: b8a1cd5084d936c42b846aec3aede2d5,
        type: 3}
      propertyPath: m_LocalPosition.y
      value: 0
      objectReference: {fileID: 0}
    - target: {fileID: 5744325139660865923, guid: b8a1cd5084d936c42b846aec3aede2d5,
        type: 3}
      propertyPath: m_LocalPosition.z
      value: 0
      objectReference: {fileID: 0}
    - target: {fileID: 5744325139660865923, guid: b8a1cd5084d936c42b846aec3aede2d5,
        type: 3}
      propertyPath: m_LocalRotation.x
      value: 0
      objectReference: {fileID: 0}
    - target: {fileID: 5744325139660865923, guid: b8a1cd5084d936c42b846aec3aede2d5,
        type: 3}
      propertyPath: m_LocalRotation.y
      value: 0
      objectReference: {fileID: 0}
    - target: {fileID: 5744325139660865923, guid: b8a1cd5084d936c42b846aec3aede2d5,
        type: 3}
      propertyPath: m_LocalRotation.z
      value: 0
      objectReference: {fileID: 0}
    - target: {fileID: 5744325139660865923, guid: b8a1cd5084d936c42b846aec3aede2d5,
        type: 3}
      propertyPath: m_LocalRotation.w
      value: 1
      objectReference: {fileID: 0}
    - target: {fileID: 5744325139660865923, guid: b8a1cd5084d936c42b846aec3aede2d5,
        type: 3}
      propertyPath: m_RootOrder
      value: 8
      objectReference: {fileID: 0}
    - target: {fileID: 5744325139660865923, guid: b8a1cd5084d936c42b846aec3aede2d5,
        type: 3}
      propertyPath: m_LocalEulerAnglesHint.x
      value: 0
      objectReference: {fileID: 0}
    - target: {fileID: 5744325139660865923, guid: b8a1cd5084d936c42b846aec3aede2d5,
        type: 3}
      propertyPath: m_LocalEulerAnglesHint.y
      value: 0
      objectReference: {fileID: 0}
    - target: {fileID: 5744325139660865923, guid: b8a1cd5084d936c42b846aec3aede2d5,
        type: 3}
      propertyPath: m_LocalEulerAnglesHint.z
      value: 0
      objectReference: {fileID: 0}
    - target: {fileID: 5744325139660865923, guid: b8a1cd5084d936c42b846aec3aede2d5,
        type: 3}
      propertyPath: m_AnchoredPosition.x
      value: 0
      objectReference: {fileID: 0}
    - target: {fileID: 5744325139660865923, guid: b8a1cd5084d936c42b846aec3aede2d5,
        type: 3}
      propertyPath: m_AnchoredPosition.y
      value: -2869
      objectReference: {fileID: 0}
    - target: {fileID: 5744325139660865923, guid: b8a1cd5084d936c42b846aec3aede2d5,
        type: 3}
      propertyPath: m_SizeDelta.x
      value: -800
      objectReference: {fileID: 0}
    - target: {fileID: 5744325139660865923, guid: b8a1cd5084d936c42b846aec3aede2d5,
        type: 3}
      propertyPath: m_SizeDelta.y
      value: 150
      objectReference: {fileID: 0}
    - target: {fileID: 5744325139660865923, guid: b8a1cd5084d936c42b846aec3aede2d5,
        type: 3}
      propertyPath: m_AnchorMin.x
      value: 0
      objectReference: {fileID: 0}
    - target: {fileID: 5744325139660865923, guid: b8a1cd5084d936c42b846aec3aede2d5,
        type: 3}
      propertyPath: m_AnchorMin.y
      value: 1
      objectReference: {fileID: 0}
    - target: {fileID: 5744325139660865923, guid: b8a1cd5084d936c42b846aec3aede2d5,
        type: 3}
      propertyPath: m_AnchorMax.x
      value: 1
      objectReference: {fileID: 0}
    - target: {fileID: 5744325139660865923, guid: b8a1cd5084d936c42b846aec3aede2d5,
        type: 3}
      propertyPath: m_AnchorMax.y
      value: 1
      objectReference: {fileID: 0}
    - target: {fileID: 5744325139660865923, guid: b8a1cd5084d936c42b846aec3aede2d5,
        type: 3}
      propertyPath: m_Pivot.x
      value: 0.5
      objectReference: {fileID: 0}
    - target: {fileID: 5744325139660865923, guid: b8a1cd5084d936c42b846aec3aede2d5,
        type: 3}
      propertyPath: m_Pivot.y
      value: 1
      objectReference: {fileID: 0}
    - target: {fileID: 5744325139660865948, guid: b8a1cd5084d936c42b846aec3aede2d5,
        type: 3}
      propertyPath: m_Name
      value: BarCustom
      objectReference: {fileID: 0}
    - target: {fileID: 5744325139660865948, guid: b8a1cd5084d936c42b846aec3aede2d5,
        type: 3}
      propertyPath: m_IsActive
      value: 0
      objectReference: {fileID: 0}
    - target: {fileID: 5744325139696259862, guid: b8a1cd5084d936c42b846aec3aede2d5,
        type: 3}
      propertyPath: m_Material
      value: 
      objectReference: {fileID: 0}
    - target: {fileID: 5744325139869779199, guid: b8a1cd5084d936c42b846aec3aede2d5,
        type: 3}
      propertyPath: m_Material
      value: 
      objectReference: {fileID: 0}
    m_RemovedComponents: []
  m_SourcePrefab: {fileID: 100100000, guid: b8a1cd5084d936c42b846aec3aede2d5, type: 3}
--- !u!224 &5519860013951306802 stripped
RectTransform:
  m_CorrespondingSourceObject: {fileID: 5744325139660865923, guid: b8a1cd5084d936c42b846aec3aede2d5,
    type: 3}
  m_PrefabInstance: {fileID: 228991062392589745}
  m_PrefabAsset: {fileID: 0}
--- !u!1001 &1026444241937704208
PrefabInstance:
  m_ObjectHideFlags: 0
  serializedVersion: 2
  m_Modification:
    m_TransformParent: {fileID: 6356228167845550029}
    m_Modifications:
    - target: {fileID: 5395392338215243446, guid: f5bc0c0b45474bf478256405b6055db7,
        type: 3}
      propertyPath: m_LocalPosition.x
      value: 0
      objectReference: {fileID: 0}
    - target: {fileID: 5395392338215243446, guid: f5bc0c0b45474bf478256405b6055db7,
        type: 3}
      propertyPath: m_LocalPosition.y
      value: 0
      objectReference: {fileID: 0}
    - target: {fileID: 5395392338215243446, guid: f5bc0c0b45474bf478256405b6055db7,
        type: 3}
      propertyPath: m_LocalPosition.z
      value: 0
      objectReference: {fileID: 0}
    - target: {fileID: 5395392338215243446, guid: f5bc0c0b45474bf478256405b6055db7,
        type: 3}
      propertyPath: m_LocalRotation.x
      value: 0
      objectReference: {fileID: 0}
    - target: {fileID: 5395392338215243446, guid: f5bc0c0b45474bf478256405b6055db7,
        type: 3}
      propertyPath: m_LocalRotation.y
      value: 0
      objectReference: {fileID: 0}
    - target: {fileID: 5395392338215243446, guid: f5bc0c0b45474bf478256405b6055db7,
        type: 3}
      propertyPath: m_LocalRotation.z
      value: 0
      objectReference: {fileID: 0}
    - target: {fileID: 5395392338215243446, guid: f5bc0c0b45474bf478256405b6055db7,
        type: 3}
      propertyPath: m_LocalRotation.w
      value: 1
      objectReference: {fileID: 0}
    - target: {fileID: 5395392338215243446, guid: f5bc0c0b45474bf478256405b6055db7,
        type: 3}
      propertyPath: m_RootOrder
      value: 2
      objectReference: {fileID: 0}
    - target: {fileID: 5395392338215243446, guid: f5bc0c0b45474bf478256405b6055db7,
        type: 3}
      propertyPath: m_LocalEulerAnglesHint.x
      value: 0
      objectReference: {fileID: 0}
    - target: {fileID: 5395392338215243446, guid: f5bc0c0b45474bf478256405b6055db7,
        type: 3}
      propertyPath: m_LocalEulerAnglesHint.y
      value: 0
      objectReference: {fileID: 0}
    - target: {fileID: 5395392338215243446, guid: f5bc0c0b45474bf478256405b6055db7,
        type: 3}
      propertyPath: m_LocalEulerAnglesHint.z
      value: 0
      objectReference: {fileID: 0}
    - target: {fileID: 5395392338215243446, guid: f5bc0c0b45474bf478256405b6055db7,
        type: 3}
      propertyPath: m_AnchoredPosition.x
      value: 100
      objectReference: {fileID: 0}
    - target: {fileID: 5395392338215243446, guid: f5bc0c0b45474bf478256405b6055db7,
        type: 3}
      propertyPath: m_AnchoredPosition.y
      value: 0
      objectReference: {fileID: 0}
    - target: {fileID: 5395392338215243446, guid: f5bc0c0b45474bf478256405b6055db7,
        type: 3}
      propertyPath: m_SizeDelta.x
      value: 600
      objectReference: {fileID: 0}
    - target: {fileID: 5395392338215243446, guid: f5bc0c0b45474bf478256405b6055db7,
        type: 3}
      propertyPath: m_SizeDelta.y
      value: 300
      objectReference: {fileID: 0}
    - target: {fileID: 5395392338215243446, guid: f5bc0c0b45474bf478256405b6055db7,
        type: 3}
      propertyPath: m_AnchorMin.x
      value: 1
      objectReference: {fileID: 0}
    - target: {fileID: 5395392338215243446, guid: f5bc0c0b45474bf478256405b6055db7,
        type: 3}
      propertyPath: m_AnchorMin.y
      value: 1
      objectReference: {fileID: 0}
    - target: {fileID: 5395392338215243446, guid: f5bc0c0b45474bf478256405b6055db7,
        type: 3}
      propertyPath: m_AnchorMax.x
      value: 1
      objectReference: {fileID: 0}
    - target: {fileID: 5395392338215243446, guid: f5bc0c0b45474bf478256405b6055db7,
        type: 3}
      propertyPath: m_AnchorMax.y
      value: 1
      objectReference: {fileID: 0}
    - target: {fileID: 5395392338215243446, guid: f5bc0c0b45474bf478256405b6055db7,
        type: 3}
      propertyPath: m_Pivot.x
      value: 1
      objectReference: {fileID: 0}
    - target: {fileID: 5395392338215243446, guid: f5bc0c0b45474bf478256405b6055db7,
        type: 3}
      propertyPath: m_Pivot.y
      value: 1
      objectReference: {fileID: 0}
    - target: {fileID: 5395392338215243447, guid: f5bc0c0b45474bf478256405b6055db7,
        type: 3}
      propertyPath: m_Name
      value: BtnRestartGame
      objectReference: {fileID: 0}
    m_RemovedComponents: []
  m_SourcePrefab: {fileID: 100100000, guid: f5bc0c0b45474bf478256405b6055db7, type: 3}
--- !u!224 &4962651398528183206 stripped
RectTransform:
  m_CorrespondingSourceObject: {fileID: 5395392338215243446, guid: f5bc0c0b45474bf478256405b6055db7,
    type: 3}
  m_PrefabInstance: {fileID: 1026444241937704208}
  m_PrefabAsset: {fileID: 0}
--- !u!114 &4962651398528183205 stripped
MonoBehaviour:
  m_CorrespondingSourceObject: {fileID: 5395392338215243445, guid: f5bc0c0b45474bf478256405b6055db7,
    type: 3}
  m_PrefabInstance: {fileID: 1026444241937704208}
  m_PrefabAsset: {fileID: 0}
  m_GameObject: {fileID: 0}
  m_Enabled: 1
  m_EditorHideFlags: 0
  m_Script: {fileID: 11500000, guid: 059efe151ac9dc4418b51b0e2896bcdc, type: 3}
  m_Name: 
  m_EditorClassIdentifier: 
--- !u!1001 &1693963209673403088
PrefabInstance:
  m_ObjectHideFlags: 0
  serializedVersion: 2
  m_Modification:
    m_TransformParent: {fileID: 6356228167845550029}
    m_Modifications:
    - target: {fileID: 5744325139660865923, guid: b8a1cd5084d936c42b846aec3aede2d5,
        type: 3}
      propertyPath: m_LocalPosition.x
      value: 0
      objectReference: {fileID: 0}
    - target: {fileID: 5744325139660865923, guid: b8a1cd5084d936c42b846aec3aede2d5,
        type: 3}
      propertyPath: m_LocalPosition.y
      value: 0
      objectReference: {fileID: 0}
    - target: {fileID: 5744325139660865923, guid: b8a1cd5084d936c42b846aec3aede2d5,
        type: 3}
      propertyPath: m_LocalPosition.z
      value: 0
      objectReference: {fileID: 0}
    - target: {fileID: 5744325139660865923, guid: b8a1cd5084d936c42b846aec3aede2d5,
        type: 3}
      propertyPath: m_LocalRotation.x
      value: 0
      objectReference: {fileID: 0}
    - target: {fileID: 5744325139660865923, guid: b8a1cd5084d936c42b846aec3aede2d5,
        type: 3}
      propertyPath: m_LocalRotation.y
      value: 0
      objectReference: {fileID: 0}
    - target: {fileID: 5744325139660865923, guid: b8a1cd5084d936c42b846aec3aede2d5,
        type: 3}
      propertyPath: m_LocalRotation.z
      value: 0
      objectReference: {fileID: 0}
    - target: {fileID: 5744325139660865923, guid: b8a1cd5084d936c42b846aec3aede2d5,
        type: 3}
      propertyPath: m_LocalRotation.w
      value: 1
      objectReference: {fileID: 0}
    - target: {fileID: 5744325139660865923, guid: b8a1cd5084d936c42b846aec3aede2d5,
        type: 3}
      propertyPath: m_RootOrder
      value: 3
      objectReference: {fileID: 0}
    - target: {fileID: 5744325139660865923, guid: b8a1cd5084d936c42b846aec3aede2d5,
        type: 3}
      propertyPath: m_LocalEulerAnglesHint.x
      value: 0
      objectReference: {fileID: 0}
    - target: {fileID: 5744325139660865923, guid: b8a1cd5084d936c42b846aec3aede2d5,
        type: 3}
      propertyPath: m_LocalEulerAnglesHint.y
      value: 0
      objectReference: {fileID: 0}
    - target: {fileID: 5744325139660865923, guid: b8a1cd5084d936c42b846aec3aede2d5,
        type: 3}
      propertyPath: m_LocalEulerAnglesHint.z
      value: 0
      objectReference: {fileID: 0}
    - target: {fileID: 5744325139660865923, guid: b8a1cd5084d936c42b846aec3aede2d5,
        type: 3}
      propertyPath: m_AnchoredPosition.x
      value: 0
      objectReference: {fileID: 0}
    - target: {fileID: 5744325139660865923, guid: b8a1cd5084d936c42b846aec3aede2d5,
        type: 3}
      propertyPath: m_AnchoredPosition.y
      value: -617
      objectReference: {fileID: 0}
    - target: {fileID: 5744325139660865923, guid: b8a1cd5084d936c42b846aec3aede2d5,
        type: 3}
      propertyPath: m_SizeDelta.x
      value: -800
      objectReference: {fileID: 0}
    - target: {fileID: 5744325139660865923, guid: b8a1cd5084d936c42b846aec3aede2d5,
        type: 3}
      propertyPath: m_SizeDelta.y
      value: 150
      objectReference: {fileID: 0}
    - target: {fileID: 5744325139660865923, guid: b8a1cd5084d936c42b846aec3aede2d5,
        type: 3}
      propertyPath: m_AnchorMin.x
      value: 0
      objectReference: {fileID: 0}
    - target: {fileID: 5744325139660865923, guid: b8a1cd5084d936c42b846aec3aede2d5,
        type: 3}
      propertyPath: m_AnchorMin.y
      value: 1
      objectReference: {fileID: 0}
    - target: {fileID: 5744325139660865923, guid: b8a1cd5084d936c42b846aec3aede2d5,
        type: 3}
      propertyPath: m_AnchorMax.x
      value: 1
      objectReference: {fileID: 0}
    - target: {fileID: 5744325139660865923, guid: b8a1cd5084d936c42b846aec3aede2d5,
        type: 3}
      propertyPath: m_AnchorMax.y
      value: 1
      objectReference: {fileID: 0}
    - target: {fileID: 5744325139660865923, guid: b8a1cd5084d936c42b846aec3aede2d5,
        type: 3}
      propertyPath: m_Pivot.x
      value: 0.5
      objectReference: {fileID: 0}
    - target: {fileID: 5744325139660865923, guid: b8a1cd5084d936c42b846aec3aede2d5,
        type: 3}
      propertyPath: m_Pivot.y
      value: 1
      objectReference: {fileID: 0}
    - target: {fileID: 5744325139660865948, guid: b8a1cd5084d936c42b846aec3aede2d5,
        type: 3}
      propertyPath: m_Name
      value: LevelTime
      objectReference: {fileID: 0}
    - target: {fileID: 5744325139696259862, guid: b8a1cd5084d936c42b846aec3aede2d5,
        type: 3}
      propertyPath: m_Material
      value: 
      objectReference: {fileID: 0}
    - target: {fileID: 5744325139869779199, guid: b8a1cd5084d936c42b846aec3aede2d5,
        type: 3}
      propertyPath: m_Material
      value: 
      objectReference: {fileID: 0}
    m_RemovedComponents: []
  m_SourcePrefab: {fileID: 100100000, guid: b8a1cd5084d936c42b846aec3aede2d5, type: 3}
--- !u!224 &6356228168845700649 stripped
RectTransform:
  m_CorrespondingSourceObject: {fileID: 5744325139869779193, guid: b8a1cd5084d936c42b846aec3aede2d5,
    type: 3}
  m_PrefabInstance: {fileID: 1693963209673403088}
  m_PrefabAsset: {fileID: 0}
--- !u!224 &6356228169610881875 stripped
RectTransform:
  m_CorrespondingSourceObject: {fileID: 5744325139660865923, guid: b8a1cd5084d936c42b846aec3aede2d5,
    type: 3}
  m_PrefabInstance: {fileID: 1693963209673403088}
  m_PrefabAsset: {fileID: 0}
--- !u!1001 &3006688762621796493
PrefabInstance:
  m_ObjectHideFlags: 0
  serializedVersion: 2
  m_Modification:
    m_TransformParent: {fileID: 6356228167845550029}
    m_Modifications:
    - target: {fileID: 5395392338215243446, guid: 13fda14fa284ec6489d7ebc5032bbf75,
        type: 3}
      propertyPath: m_LocalPosition.x
      value: 0
      objectReference: {fileID: 0}
    - target: {fileID: 5395392338215243446, guid: 13fda14fa284ec6489d7ebc5032bbf75,
        type: 3}
      propertyPath: m_LocalPosition.y
      value: 0
      objectReference: {fileID: 0}
    - target: {fileID: 5395392338215243446, guid: 13fda14fa284ec6489d7ebc5032bbf75,
        type: 3}
      propertyPath: m_LocalPosition.z
      value: 0
      objectReference: {fileID: 0}
    - target: {fileID: 5395392338215243446, guid: 13fda14fa284ec6489d7ebc5032bbf75,
        type: 3}
      propertyPath: m_LocalRotation.x
      value: 0
      objectReference: {fileID: 0}
    - target: {fileID: 5395392338215243446, guid: 13fda14fa284ec6489d7ebc5032bbf75,
        type: 3}
      propertyPath: m_LocalRotation.y
      value: 0
      objectReference: {fileID: 0}
    - target: {fileID: 5395392338215243446, guid: 13fda14fa284ec6489d7ebc5032bbf75,
        type: 3}
      propertyPath: m_LocalRotation.z
      value: 0
      objectReference: {fileID: 0}
    - target: {fileID: 5395392338215243446, guid: 13fda14fa284ec6489d7ebc5032bbf75,
        type: 3}
      propertyPath: m_LocalRotation.w
      value: 1
      objectReference: {fileID: 0}
    - target: {fileID: 5395392338215243446, guid: 13fda14fa284ec6489d7ebc5032bbf75,
        type: 3}
      propertyPath: m_RootOrder
      value: 4
      objectReference: {fileID: 0}
    - target: {fileID: 5395392338215243446, guid: 13fda14fa284ec6489d7ebc5032bbf75,
        type: 3}
      propertyPath: m_LocalEulerAnglesHint.x
      value: 0
      objectReference: {fileID: 0}
    - target: {fileID: 5395392338215243446, guid: 13fda14fa284ec6489d7ebc5032bbf75,
        type: 3}
      propertyPath: m_LocalEulerAnglesHint.y
      value: 0
      objectReference: {fileID: 0}
    - target: {fileID: 5395392338215243446, guid: 13fda14fa284ec6489d7ebc5032bbf75,
        type: 3}
      propertyPath: m_LocalEulerAnglesHint.z
      value: 0
      objectReference: {fileID: 0}
    - target: {fileID: 5395392338215243446, guid: 13fda14fa284ec6489d7ebc5032bbf75,
        type: 3}
      propertyPath: m_AnchoredPosition.x
      value: -100
      objectReference: {fileID: 0}
    - target: {fileID: 5395392338215243446, guid: 13fda14fa284ec6489d7ebc5032bbf75,
        type: 3}
      propertyPath: m_AnchoredPosition.y
      value: 0
      objectReference: {fileID: 0}
    - target: {fileID: 5395392338215243446, guid: 13fda14fa284ec6489d7ebc5032bbf75,
        type: 3}
      propertyPath: m_SizeDelta.x
      value: 600
      objectReference: {fileID: 0}
    - target: {fileID: 5395392338215243446, guid: 13fda14fa284ec6489d7ebc5032bbf75,
        type: 3}
      propertyPath: m_SizeDelta.y
      value: 300
      objectReference: {fileID: 0}
    - target: {fileID: 5395392338215243446, guid: 13fda14fa284ec6489d7ebc5032bbf75,
        type: 3}
      propertyPath: m_AnchorMin.x
      value: 0
      objectReference: {fileID: 0}
    - target: {fileID: 5395392338215243446, guid: 13fda14fa284ec6489d7ebc5032bbf75,
        type: 3}
      propertyPath: m_AnchorMin.y
      value: 1
      objectReference: {fileID: 0}
    - target: {fileID: 5395392338215243446, guid: 13fda14fa284ec6489d7ebc5032bbf75,
        type: 3}
      propertyPath: m_AnchorMax.x
      value: 0
      objectReference: {fileID: 0}
    - target: {fileID: 5395392338215243446, guid: 13fda14fa284ec6489d7ebc5032bbf75,
        type: 3}
      propertyPath: m_AnchorMax.y
      value: 1
      objectReference: {fileID: 0}
    - target: {fileID: 5395392338215243446, guid: 13fda14fa284ec6489d7ebc5032bbf75,
        type: 3}
      propertyPath: m_Pivot.x
      value: 0
      objectReference: {fileID: 0}
    - target: {fileID: 5395392338215243446, guid: 13fda14fa284ec6489d7ebc5032bbf75,
        type: 3}
      propertyPath: m_Pivot.y
      value: 1
      objectReference: {fileID: 0}
    - target: {fileID: 5395392338215243447, guid: 13fda14fa284ec6489d7ebc5032bbf75,
        type: 3}
      propertyPath: m_Name
      value: BtnSettings
      objectReference: {fileID: 0}
    m_RemovedComponents: []
  m_SourcePrefab: {fileID: 100100000, guid: 13fda14fa284ec6489d7ebc5032bbf75, type: 3}
--- !u!224 &7158946326163762747 stripped
RectTransform:
  m_CorrespondingSourceObject: {fileID: 5395392338215243446, guid: 13fda14fa284ec6489d7ebc5032bbf75,
    type: 3}
  m_PrefabInstance: {fileID: 3006688762621796493}
  m_PrefabAsset: {fileID: 0}
