%YAML 1.1
%TAG !u! tag:unity3d.com,2011:
--- !u!1 &5012720972875117267
GameObject:
  m_ObjectHideFlags: 0
  m_CorrespondingSourceObject: {fileID: 0}
  m_PrefabInstance: {fileID: 0}
  m_PrefabAsset: {fileID: 0}
  serializedVersion: 6
  m_Component:
  - component: {fileID: 917855566226683564}
  - component: {fileID: 1735441131337923560}
  m_Layer: 0
  m_Name: guide
  m_TagString: Untagged
  m_Icon: {fileID: 0}
  m_NavMeshLayer: 0
  m_StaticEditorFlags: 0
  m_IsActive: 1
--- !u!4 &917855566226683564
Transform:
  m_ObjectHideFlags: 0
  m_CorrespondingSourceObject: {fileID: 0}
  m_PrefabInstance: {fileID: 0}
  m_PrefabAsset: {fileID: 0}
  m_GameObject: {fileID: 5012720972875117267}
  m_LocalRotation: {x: 0, y: 0, z: 0, w: 1}
  m_LocalPosition: {x: 0, y: 0, z: 0}
  m_LocalScale: {x: 1, y: 1, z: 1}
  m_Children: []
  m_Father: {fileID: 3149631239201954174}
  m_RootOrder: 0
  m_LocalEulerAnglesHint: {x: 0, y: 0, z: 0}
--- !u!65 &1735441131337923560
BoxCollider:
  m_ObjectHideFlags: 0
  m_CorrespondingSourceObject: {fileID: 0}
  m_PrefabInstance: {fileID: 0}
  m_PrefabAsset: {fileID: 0}
  m_GameObject: {fileID: 5012720972875117267}
  m_Material: {fileID: 0}
  m_IsTrigger: 1
  m_Enabled: 1
  serializedVersion: 2
  m_Size: {x: 13.1, y: 1, z: 1}
  m_Center: {x: 0, y: 0, z: 0}
--- !u!1 &5450414918094659230
GameObject:
  m_ObjectHideFlags: 0
  m_CorrespondingSourceObject: {fileID: 0}
  m_PrefabInstance: {fileID: 0}
  m_PrefabAsset: {fileID: 0}
  serializedVersion: 6
  m_Component:
  - component: {fileID: 3149631239201954174}
  m_Layer: 0
  m_Name: obstacle2
  m_TagString: Untagged
  m_Icon: {fileID: 0}
  m_NavMeshLayer: 0
  m_StaticEditorFlags: 0
  m_IsActive: 1
--- !u!4 &3149631239201954174
Transform:
  m_ObjectHideFlags: 0
  m_CorrespondingSourceObject: {fileID: 0}
  m_PrefabInstance: {fileID: 0}
  m_PrefabAsset: {fileID: 0}
  m_GameObject: {fileID: 5450414918094659230}
  m_LocalRotation: {x: -0, y: -0, z: -0, w: 1}
  m_LocalPosition: {x: 0, y: 0, z: 0}
  m_LocalScale: {x: 1, y: 1, z: 1}
  m_Children:
  - {fileID: 917855566226683564}
  - {fileID: 3014412573524415962}
  - {fileID: 2197638323265697917}
  m_Father: {fileID: 0}
  m_RootOrder: 0
  m_LocalEulerAnglesHint: {x: 0, y: 0, z: 0}
--- !u!1001 &2262812938015937438
PrefabInstance:
  m_ObjectHideFlags: 0
  serializedVersion: 2
  m_Modification:
    m_TransformParent: {fileID: 3149631239201954174}
    m_Modifications:
    - target: {fileID: 3941344717383255620, guid: 95c6c2f270c9dd44aad378cc388d34bc,
        type: 3}
      propertyPath: m_LocalPosition.x
      value: -6.6
      objectReference: {fileID: 0}
    - target: {fileID: 3941344717383255620, guid: 95c6c2f270c9dd44aad378cc388d34bc,
        type: 3}
      propertyPath: m_LocalPosition.y
      value: 0
      objectReference: {fileID: 0}
    - target: {fileID: 3941344717383255620, guid: 95c6c2f270c9dd44aad378cc388d34bc,
        type: 3}
      propertyPath: m_LocalPosition.z
      value: 0
      objectReference: {fileID: 0}
    - target: {fileID: 3941344717383255620, guid: 95c6c2f270c9dd44aad378cc388d34bc,
        type: 3}
      propertyPath: m_LocalRotation.x
      value: -0
      objectReference: {fileID: 0}
    - target: {fileID: 3941344717383255620, guid: 95c6c2f270c9dd44aad378cc388d34bc,
        type: 3}
      propertyPath: m_LocalRotation.y
      value: -0
      objectReference: {fileID: 0}
    - target: {fileID: 3941344717383255620, guid: 95c6c2f270c9dd44aad378cc388d34bc,
        type: 3}
      propertyPath: m_LocalRotation.z
      value: -0
      objectReference: {fileID: 0}
    - target: {fileID: 3941344717383255620, guid: 95c6c2f270c9dd44aad378cc388d34bc,
        type: 3}
      propertyPath: m_LocalRotation.w
      value: 1
      objectReference: {fileID: 0}
    - target: {fileID: 3941344717383255620, guid: 95c6c2f270c9dd44aad378cc388d34bc,
        type: 3}
      propertyPath: m_RootOrder
      value: 1
      objectReference: {fileID: 0}
    - target: {fileID: 3941344717383255620, guid: 95c6c2f270c9dd44aad378cc388d34bc,
        type: 3}
      propertyPath: m_LocalEulerAnglesHint.x
      value: 0
      objectReference: {fileID: 0}
    - target: {fileID: 3941344717383255620, guid: 95c6c2f270c9dd44aad378cc388d34bc,
        type: 3}
      propertyPath: m_LocalEulerAnglesHint.y
      value: 0
      objectReference: {fileID: 0}
    - target: {fileID: 3941344717383255620, guid: 95c6c2f270c9dd44aad378cc388d34bc,
        type: 3}
      propertyPath: m_LocalEulerAnglesHint.z
      value: 0
      objectReference: {fileID: 0}
    - target: {fileID: 3941344717383255620, guid: 95c6c2f270c9dd44aad378cc388d34bc,
        type: 3}
      propertyPath: m_LocalScale.x
      value: 0.4
      objectReference: {fileID: 0}
    - target: {fileID: 8276713357387184123, guid: 95c6c2f270c9dd44aad378cc388d34bc,
        type: 3}
      propertyPath: m_Name
      value: left
      objectReference: {fileID: 0}
    m_RemovedComponents: []
  m_SourcePrefab: {fileID: 100100000, guid: 95c6c2f270c9dd44aad378cc388d34bc, type: 3}
--- !u!4 &3014412573524415962 stripped
Transform:
  m_CorrespondingSourceObject: {fileID: 3941344717383255620, guid: 95c6c2f270c9dd44aad378cc388d34bc,
    type: 3}
  m_PrefabInstance: {fileID: 2262812938015937438}
  m_PrefabAsset: {fileID: 0}
--- !u!1001 &2940265935320432185
PrefabInstance:
  m_ObjectHideFlags: 0
  serializedVersion: 2
  m_Modification:
    m_TransformParent: {fileID: 3149631239201954174}
    m_Modifications:
    - target: {fileID: 3941344717383255620, guid: f41052b93a024074b905c3de6c6083f8,
        type: 3}
      propertyPath: m_LocalPosition.x
      value: 6.6
      objectReference: {fileID: 0}
    - target: {fileID: 3941344717383255620, guid: f41052b93a024074b905c3de6c6083f8,
        type: 3}
      propertyPath: m_LocalPosition.y
      value: 0
      objectReference: {fileID: 0}
    - target: {fileID: 3941344717383255620, guid: f41052b93a024074b905c3de6c6083f8,
        type: 3}
      propertyPath: m_LocalPosition.z
      value: 0
      objectReference: {fileID: 0}
    - target: {fileID: 3941344717383255620, guid: f41052b93a024074b905c3de6c6083f8,
        type: 3}
      propertyPath: m_LocalRotation.x
      value: -0
      objectReference: {fileID: 0}
    - target: {fileID: 3941344717383255620, guid: f41052b93a024074b905c3de6c6083f8,
        type: 3}
      propertyPath: m_LocalRotation.y
      value: -0
      objectReference: {fileID: 0}
    - target: {fileID: 3941344717383255620, guid: f41052b93a024074b905c3de6c6083f8,
        type: 3}
      propertyPath: m_LocalRotation.z
      value: -0
      objectReference: {fileID: 0}
    - target: {fileID: 3941344717383255620, guid: f41052b93a024074b905c3de6c6083f8,
        type: 3}
      propertyPath: m_LocalRotation.w
      value: 1
      objectReference: {fileID: 0}
    - target: {fileID: 3941344717383255620, guid: f41052b93a024074b905c3de6c6083f8,
        type: 3}
      propertyPath: m_RootOrder
      value: 2
      objectReference: {fileID: 0}
    - target: {fileID: 3941344717383255620, guid: f41052b93a024074b905c3de6c6083f8,
        type: 3}
      propertyPath: m_LocalEulerAnglesHint.x
      value: 0
      objectReference: {fileID: 0}
    - target: {fileID: 3941344717383255620, guid: f41052b93a024074b905c3de6c6083f8,
        type: 3}
      propertyPath: m_LocalEulerAnglesHint.y
      value: 0
      objectReference: {fileID: 0}
    - target: {fileID: 3941344717383255620, guid: f41052b93a024074b905c3de6c6083f8,
        type: 3}
      propertyPath: m_LocalEulerAnglesHint.z
      value: 0
      objectReference: {fileID: 0}
    - target: {fileID: 3941344717383255620, guid: f41052b93a024074b905c3de6c6083f8,
        type: 3}
      propertyPath: m_LocalScale.x
      value: 0.4
      objectReference: {fileID: 0}
    - target: {fileID: 8276713357387184123, guid: f41052b93a024074b905c3de6c6083f8,
        type: 3}
      propertyPath: m_Name
      value: right
      objectReference: {fileID: 0}
    m_RemovedComponents: []
  m_SourcePrefab: {fileID: 100100000, guid: f41052b93a024074b905c3de6c6083f8, type: 3}
--- !u!4 &2197638323265697917 stripped
Transform:
  m_CorrespondingSourceObject: {fileID: 3941344717383255620, guid: f41052b93a024074b905c3de6c6083f8,
    type: 3}
  m_PrefabInstance: {fileID: 2940265935320432185}
  m_PrefabAsset: {fileID: 0}
